@preamble{
   "\def\cprime{$'$} "
}

@book {Kallenberg21,
    AUTHOR = {Kallenberg, Olav},
     TITLE = {Foundations of modern probability},
    SERIES = {Probability Theory and Stochastic Modelling},
    VOLUME = {99},
      NOTE = {Third edition [of  1464694]},
 PUBLISHER = {Springer, Cham},
      YEAR = {[2021] \copyright 2021},
     PAGES = {xii+946},
      ISBN = {978-3-030-61871-1; 978-3-030-61870-4},
   MRCLASS = {60-01 (60A10 60G05)},
  MRNUMBER = {4226142},
       DOI = {10.1007/978-3-030-61871-1},
       URL = {https://doi.org/10.1007/978-3-030-61871-1},
}
http://www.ams.org/mat

@article {MR3133916,
    AUTHOR = {Del Debbio, L. and Patella, A. and Rago, A.},
     TITLE = {Space-time symmetries and the {Y}ang-{M}ills gradient flow},
   JOURNAL = {J. High Energy Phys.},
  FJOURNAL = {Journal of High Energy Physics},
       VOLUME = {2013},
      YEAR = {2013},
    NUMBER = {212},
      ISSN = {1126-6708},
   MRCLASS = {81T13},
  MRNUMBER = {3133916},
       DOI = {10.1007/JHEP11(2013)212},
       URL = {https://doi.org/10.1007/JHEP11(2013)212},
}

@article {BHST87_regularization,
    AUTHOR = {Bern, Z. and Halpern, M. B. and Sadun, L. and Taubes, C.},
     TITLE = {Continuum regularization of quantum field theory. {II}.
              {G}auge theory},
   JOURNAL = {Nuclear Phys. B},
  FJOURNAL = {Nuclear Physics. B. Theoretical, Phenomenological, and
              Experimental High Energy Physics. Quantum Field Theory and
              Statistical Systems},
    VOLUME = {284},
      YEAR = {1987},
    NUMBER = {1},
     PAGES = {35--91},
      ISSN = {0550-3213},
   MRCLASS = {81E15 (60J60 81E13)},
  MRNUMBER = {879076},
MRREVIEWER = {B. Geyer},
       DOI = {10.1016/0550-3213(87)90026-5},
       URL = {https://doi.org/10.1016/0550-3213(87)90026-5},
}

@book{SepanskiLieBook,
  title={Compact {L}ie groups},
  author={Sepanski, Mark R},
  volume={235},
  year={2007},
  publisher={Springer Science \& Business Media}
}

@article {Mandelkern89,
    AUTHOR = {Mandelkern, Mark},
     TITLE = {Metrization of the one-point compactification},
   JOURNAL = {Proc. Amer. Math. Soc.},
  FJOURNAL = {Proceedings of the American Mathematical Society},
    VOLUME = {107},
      YEAR = {1989},
    NUMBER = {4},
     PAGES = {1111--1115},
      ISSN = {0002-9939},
   MRCLASS = {54E35},
  MRNUMBER = {991703},
MRREVIEWER = {Dimitrina Stavrova},
       DOI = {10.2307/2047675},
       URL = {https://doi.org/10.2307/2047675},
}

@article {Durhuus80,
    AUTHOR = {Durhuus, B.},
     TITLE = {On the structure of gauge invariant classical observables in
              lattice gauge theories},
   JOURNAL = {Lett. Math. Phys.},
  FJOURNAL = {Letters in Mathematical Physics. A Journal for the Rapid
              Dissemination of Short Contributions in the Field of
              Mathematical Physics},
    VOLUME = {4},
      YEAR = {1980},
    NUMBER = {6},
     PAGES = {515--522},
      ISSN = {0377-9017},
   MRCLASS = {81E99},
  MRNUMBER = {599715},
MRREVIEWER = {A. V. Bukhvalov},
       DOI = {10.1007/BF00943439},
       URL = {https://doi.org/10.1007/BF00943439},
}

@article {Levy04,
    AUTHOR = {L{\'e}vy, Thierry},
     TITLE = {Wilson loops in the light of spin networks},
   JOURNAL = {J. Geom. Phys.},
  FJOURNAL = {Journal of Geometry and Physics},
    VOLUME = {52},
      YEAR = {2004},
    NUMBER = {4},
     PAGES = {382--397},
      ISSN = {0393-0440},
   MRCLASS = {81T13 (20C35 53C80 81R05)},
  MRNUMBER = {2098832},
MRREVIEWER = {Ambar N. Sengupta},
       DOI = {10.1016/j.geomphys.2004.04.003},
       URL = {https://doi.org/10.1016/j.geomphys.2004.04.003},
}

@article {HongYMH,
    AUTHOR = {Hong, Min-Chun},
     TITLE = {Heat flow for the {Y}ang-{M}ills-{H}iggs field and the
              {H}ermitian {Y}ang-{M}ills-{H}iggs metric},
   JOURNAL = {Ann. Global Anal. Geom.},
  FJOURNAL = {Annals of Global Analysis and Geometry},
    VOLUME = {20},
      YEAR = {2001},
    NUMBER = {1},
     PAGES = {23--46},
      ISSN = {0232-704X},
   MRCLASS = {53C07 (32Q20 53C44 58E15)},
  MRNUMBER = {1846895},
MRREVIEWER = {Steven B. Bradlow},
       DOI = {10.1023/A:1010688223177},
       URL = {https://doi.org/10.1023/A:1010688223177},
}

@article {FangHong2000,
    AUTHOR = {Fang, Yi and Hong, Minchun},
     TITLE = {Heat flow for {Y}ang-{M}ills-{H}iggs fields. {I}},
   JOURNAL = {Chinese Ann. Math. Ser. B},
  FJOURNAL = {Chinese Annals of Mathematics. Series B},
    VOLUME = {21},
      YEAR = {2000},
    NUMBER = {4},
     PAGES = {453--472},
      ISSN = {0252-9599},
   MRCLASS = {58E15 (35A07 35G25 53C44)},
  MRNUMBER = {1801775},
MRREVIEWER = {J\"{u}rgen Eichhorn},
       DOI = {10.1142/S0252959900000455},
       URL = {https://doi.org/10.1142/S0252959900000455},
}

@article{HongTian2004,
  title={Global existence of the m-equivariant {Yang-Mills} flow in four dimensional spaces},
  author={Hong, Min-Chun and Tian, Gang},
  journal={Communications in Analysis and Geometry},
  volume={12},
  number={1},
  pages={183--211},
  year={2004},
  publisher={International Press of Boston}
}

@article {Chen98,
    AUTHOR = {Chen, Xu-Yan},
     TITLE = {A strong unique continuation theorem for parabolic equations},
   JOURNAL = {Math. Ann.},
  FJOURNAL = {Mathematische Annalen},
    VOLUME = {311},
      YEAR = {1998},
    NUMBER = {4},
     PAGES = {603--630},
      ISSN = {0025-5831},
   MRCLASS = {35K10 (35B60 35K40 35R45)},
  MRNUMBER = {1637972},
MRREVIEWER = {W. Watzlawek},
       DOI = {10.1007/s002080050202},
       URL = {https://doi.org/10.1007/s002080050202},
}

@article {Mujica,
    AUTHOR = {Mujica, Jorge},
     TITLE = {Holomorphic functions on {B}anach spaces},
   JOURNAL = {Note Mat.},
  FJOURNAL = {Note di Matematica},
    VOLUME = {25},
      YEAR = {2005/06},
    NUMBER = {2},
     PAGES = {113--138},
      ISSN = {1123-2536},
   MRCLASS = {46G20 (46B20 58B12)},
  MRNUMBER = {2259962},
}

@article {Kotschwar,
    AUTHOR = {Kotschwar, Brett},
     TITLE = {A short proof of backward uniqueness for some geometric
              evolution equations},
   JOURNAL = {Internat. J. Math.},
  FJOURNAL = {International Journal of Mathematics},
    VOLUME = {27},
      YEAR = {2016},
    NUMBER = {12},
     PAGES = {1650102, 17},
     eprint = {1501.00946},
      ISSN = {0129-167X},
   MRCLASS = {53C44 (34C40 35A01 35K55 35R01)},
  MRNUMBER = {3575926},
MRREVIEWER = {Xiaoliu Wang},
       DOI = {10.1142/S0129167X16501020},
       URL = {https://doi.org/10.1142/S0129167X16501020},
}

@article{Hassell1993,
  title={The {Yang-Mills-Higgs} heat flow on $\mathbb R^3$},
  author={Hassell, Andrew},
  journal={Journal of functional analysis},
  volume={111},
  number={2},
  pages={431--448},
  year={1993},
  publisher={Elsevier}
}

@article {Kallman_section,
    AUTHOR = {Kallman, Robert R. and Mauldin, R. D.},
     TITLE = {A cross section theorem and an application to
              {$C\sp*$}-algebras},
   JOURNAL = {Proc. Amer. Math. Soc.},
  FJOURNAL = {Proceedings of the American Mathematical Society},
    VOLUME = {69},
      YEAR = {1978},
    NUMBER = {1},
     PAGES = {57--61},
      ISSN = {0002-9939},
   MRCLASS = {28A05 (46L05)},
  MRNUMBER = {463390},
MRREVIEWER = {G. K. Pedersen},
       DOI = {10.2307/2043188},
       URL = {https://doi.org/10.2307/2043188},
}

@book {Knapp02,
    AUTHOR = {Knapp, Anthony W.},
     TITLE = {Lie groups beyond an introduction},
    SERIES = {Progress in Mathematics},
    VOLUME = {140},
   EDITION = {Second},
 PUBLISHER = {Birkh\"{a}user Boston, Inc., Boston, MA},
      YEAR = {2002},
     PAGES = {xviii+812},
      ISBN = {0-8176-4259-5},
   MRCLASS = {22-01},
  MRNUMBER = {1920389},
}

@article {Michael77,
    AUTHOR = {Michael, E.},
     TITLE = {Complete spaces and tri-quotient maps},
   JOURNAL = {Illinois J. Math.},
  FJOURNAL = {Illinois Journal of Mathematics},
    VOLUME = {21},
      YEAR = {1977},
    NUMBER = {3},
     PAGES = {716--733},
      ISSN = {0019-2082},
   MRCLASS = {54E50},
  MRNUMBER = {467688},
MRREVIEWER = {K. Nagami},
       URL = {http://projecteuclid.org/euclid.ijm/1256049022},
}

@article{CCHS2d,
  title={Langevin dynamic for the {2D} {Yang-Mills} measure},
  author={Chandra, Ajay and Chevyrev, Ilya and Hairer, Martin and Shen, Hao},
  journal={arXiv preprint arXiv:2006.04987},
  year={2020}
}

@article {PX88,
    AUTHOR = {Pisier, Gilles and Xu, Quan Hua},
     TITLE = {The strong {$p$}-variation of martingales and orthogonal
              series},
   JOURNAL = {Probab. Theory Related Fields},
  FJOURNAL = {Probability Theory and Related Fields},
    VOLUME = {77},
      YEAR = {1988},
    NUMBER = {4},
     PAGES = {497--514},
      ISSN = {0178-8051},
   MRCLASS = {60G42 (46E30 46M35)},
  MRNUMBER = {933985},
MRREVIEWER = {Dominique L\'{e}pingle},
       DOI = {10.1007/BF00959613},
       URL = {https://doi.org/10.1007/BF00959613},
}

@ARTICLE{HX18,
   author = {{Hairer}, M. and {Xu}, W.},
    title = "{Large-scale limit of interface fluctuation models}",
  journal = {ArXiv e-prints},
archivePrefix = "arXiv",
   eprint = {1802.08192},
 primaryClass = "math.PR",
 keywords = {Mathematics - Probability, Mathematical Physics, Mathematics - Analysis of PDEs},
     year = 2018,
    month = feb,
   adsurl = {http://adsabs.harvard.edu/abs/2018arXiv180208192H},
  adsnote = {Provided by the SAO/NASA Astrophysics Data System}
}
@article {Chapoton01,
    AUTHOR = {Chapoton, Fr{\'e}d{\'e}ric and Livernet, Muriel},
     TITLE = {Pre-{L}ie algebras and the rooted trees operad},
   JOURNAL = {Internat. Math. Res. Notices},
  FJOURNAL = {International Mathematics Research Notices},
      YEAR = {2001},
      VOLUME = {2001},
    NUMBER = {8},
     PAGES = {395--408},
      ISSN = {1073-7928},
   MRCLASS = {17A30 (17B60 18D50 55P48 81T15)},
  MRNUMBER = {1827084},
MRREVIEWER = {Olga Kravchenko},
       DOI = {10.1155/S1073792801000198},
       URL = {http://dx.doi.org/10.1155/S1073792801000198},
}

@article {MaxControl,
    AUTHOR = {Gubinelli, M.},
     TITLE = {Controlling rough paths},
   JOURNAL = {J. Funct. Anal.},
  FJOURNAL = {Journal of Functional Analysis},
    VOLUME = {216},
      YEAR = {2004},
    NUMBER = {1},
     PAGES = {86--140},
      ISSN = {0022-1236},
   MRCLASS = {60H05 (26A42 60H10)},
   eprint = {math/0306433},
  MRNUMBER = {2091358},
MRREVIEWER = {Vigirdas Mackevi\v cius},
       URL = {https://doi.org/10.1016/j.jfa.2004.01.002},
}

@article {GregAndrew,
    AUTHOR = {Kupferman, R. and Pavliotis, G. A. and Stuart, A. M.},
     TITLE = {It\^o versus {S}tratonovich white-noise limits for systems with
              inertia and colored multiplicative noise},
   JOURNAL = {Phys. Rev. E (3)},
  FJOURNAL = {Physical Review E. Statistical, Nonlinear, and Soft Matter
              Physics},
    VOLUME = {70},
      YEAR = {2004},
    NUMBER = {3},
     PAGES = {036120, 9},
      ISSN = {1539-3755},
   MRCLASS = {60H40 (82C31)},
  MRNUMBER = {2130323},
       URL = {https://doi.org/10.1103/PhysRevE.70.036120},
}

@article {Mate2,
    AUTHOR = {Gerencs\'{e}r, M\'{a}t\'{e} and Hairer, Martin},
     TITLE = {A solution theory for quasilinear singular {SPDE}s},
   JOURNAL = {Comm. Pure Appl. Math.},
  FJOURNAL = {Communications on Pure and Applied Mathematics},
    VOLUME = {72},
      YEAR = {2019},
    NUMBER = {9},
     PAGES = {1983--2005},
      ISSN = {0010-3640},
   MRCLASS = {60H15 (35K59 35R60)},
  MRNUMBER = {3987723},
       DOI = {10.1002/cpa.21816},
       URL = {https://doi.org/10.1002/cpa.21816},
}

@ARTICLE{PhilippMall,
       author = {{Sch{\"o}nbauer}, Philipp},
        title = "{Malliavin calculus and density for singular stochastic partial differential equations}",
      journal = {ArXiv e-prints},
     keywords = {Mathematics - Probability, 60H15},
         year = "2018",
        month = "Sep",
          eid = {arXiv:1809.03570},
archivePrefix = {arXiv},
       eprint = {1809.03570},
 primaryClass = {math.PR},
       adsurl = {https://ui.adsabs.harvard.edu/abs/2018arXiv180903570S},
      adsnote = {Provided by the SAO/NASA Astrophysics Data System}
}

@ARTICLE{Mate,
   author = {{Gerencs{\'e}r}, M. and {Hairer}, M.},
    title = "{Singular SPDEs in domains with boundaries}",
  journal = {ArXiv e-prints},
archivePrefix = "arXiv",
   eprint = {1702.06522},
 primaryClass = "math.PR",
 keywords = {Mathematics - Probability, Mathematics - Analysis of PDEs},
     year = 2017,
    month = feb,
   adsurl = {http://adsabs.harvard.edu/abs/2017arXiv170206522G},
  adsnote = {Provided by the SAO/NASA Astrophysics Data System},
  note = {To appear in Probab. Theory Related Fields}
}


@preamble{
   "\def\polhk#1{\setbox0=\hbox{#1}{\ooalign{\hidewidth
    \lower1.5ex\hbox{`}\hidewidth\crcr\unhbox0}}} "
}

@article{Hepp,
	Author = {Hepp, Klaus},
	Fjournal = {Communications in Mathematical Physics},
	Issn = {0010-3616},
	Journal = {Comm. Math. Phys.},
	Mrclass = {81.46},
	Mrnumber = {0250603 (40 \#3835)},
	Mrreviewer = {W. G{\"u}ttinger},
	Pages = {67--69},
	doi = {10.1007/BF01645456},
	Title = {On the equivalence of additive and analytic renormalization},
	Volume = {14},
	Year = {1969}}

@article{Zimmermann,
	Author = {Zimmermann, W.},
	Fjournal = {Communications in Mathematical Physics},
	Issn = {0010-3616},
	Journal = {Comm. Math. Phys.},
	Mrclass = {81.28},
	doi={10.1007/BF01645676},
	Mrnumber = {0255162 (40 \#8367)},
	Pages = {208--234},
	Title = {Convergence of {B}ogoliubov's method of renormalization in momentum space},
	Volume = {15},
	Year = {1969}}

@article {BP,
    AUTHOR = {Bogoliubow, N. N. and Parasiuk, O. S.},
     TITLE = {\"{U}ber die {M}ultiplikation der {K}ausalfunktionen in der
              {Q}uantentheorie der {F}elder},
   JOURNAL = {Acta Math.},
  FJOURNAL = {Acta Mathematica},
    VOLUME = {97},
      YEAR = {1957},
     PAGES = {227--266},
      ISSN = {0001-5962},
   MRCLASS = {81.00 (46.00)},
  MRNUMBER = {0095027 (20 \#1535)},
MRREVIEWER = {L. Schwartz},
doi = {10.1007/BF02392399},
}

@article{Anshelevich2004appell,
  title={Appell polynomials and their relatives},
  author={Anshelevich, Michael},
  journal={International Mathematics Research Notices},
  volume={2004},
  number={65},
  pages={3469--3531},
  year={2004},
  publisher={Oxford University Press}
}

@article {KellyCat,
    AUTHOR = {Kelly, G. M.},
     TITLE = {Basic concepts of enriched category theory},
      NOTE = {Reprint of the 1982 original [Cambridge Univ. Press,
              Cambridge; MR0651714]},
   JOURNAL = {Repr. Theory Appl. Categ.},
  FJOURNAL = {Reprints in Theory and Applications of Categories},
    NUMBER = {10},
      YEAR = {2005},
     PAGES = {vi+137},
   MRCLASS = {18-02 (00B60 18D10 18D20)},
  MRNUMBER = {2177301},
}

@ARTICLE{RhodesVargas,
   author = {{Lacoin}, H. and {Rhodes}, R. and {Vargas}, V.},
    title = "{Complex Gaussian multiplicative chaos}",
  journal = {ArXiv e-prints},
archivePrefix = "arXiv",
   eprint = {1307.6117},
 primaryClass = "math.PR",
 keywords = {Mathematics - Probability, Mathematical Physics},
     year = 2013,
    month = jul,
   adsurl = {http://adsabs.harvard.edu/abs/2013arXiv1307.6117L},
  adsnote = {Provided by the SAO/NASA Astrophysics Data System}
}

@article {KPZJeremy,
   author = {Hairer, M. and J. Quastel },
   title = {A class of growth models rescaling to {KPZ}},
 journal = {ArXiv e-prints},
archivePrefix = "arXiv",
   eprint = {1512.07845},
   year={2015}, 
}


@ARTICLE{HX16,
   author = {{Hairer}, M. and {Xu}, W.},
    title = "{Large scale behaviour of 3D continuous phase coexistence models}",
  journal = {ArXiv e-prints},
archivePrefix = "arXiv",
   eprint = {1601.05138},
 primaryClass = "math-ph",
 keywords = {Mathematical Physics, Mathematics - Analysis of PDEs, Mathematics - Probability},
     year = 2016,
    month = jan,
   adsurl = {http://adsabs.harvard.edu/abs/2016arXiv160105138H},
  adsnote = {Provided by the SAO/NASA Astrophysics Data System},
  note = {To appear in Comm. Pure Appl. Math.}
}

@article {WongZakai,
    AUTHOR = {Hairer, Martin and Pardoux, \'Etienne},
     TITLE = {A {W}ong-{Z}akai theorem for stochastic {PDE}s},
   JOURNAL = {J. Math. Soc. Japan},
  FJOURNAL = {Journal of the Mathematical Society of Japan},
    VOLUME = {67},
      YEAR = {2015},
    NUMBER = {4},
     PAGES = {1551--1604},
      ISSN = {0025-5645},
   MRCLASS = {60H15 (60H05)},
  MRNUMBER = {3417505},
MRREVIEWER = {Llu\'\i s Quer-Sardanyons},
       DOI = {10.2969/jmsj/06741551},
       URL = {http://dx.doi.org/10.2969/jmsj/06741551},
}

@article{Hairer2013random,
  title={Random homogenisation of a highly oscillatory singular potential},
  author={Hairer, Martin and Pardoux, {\'E}tienne and Piatnitski, Andrey},
  journal={Stochastic Partial Differential Equations: Analysis and Computations},
  volume={1},
  number={4},
  pages={571--605},
  year={2013},
  publisher={Springer}
}

@article {AlbRuss,
    AUTHOR = {Albeverio, Sergio and Haba, Zbignew and Russo, Francesco},
     TITLE = {A two-space dimensional semilinear heat equation perturbed by
              ({G}aussian) white noise},
   JOURNAL = {Probab. Theory Related Fields},
  FJOURNAL = {Probability Theory and Related Fields},
    VOLUME = {121},
      YEAR = {2001},
    NUMBER = {3},
     PAGES = {319--366},
      ISSN = {0178-8051},
     CODEN = {PTRFEU},
   MRCLASS = {60H15 (35B20 35K05 35R60 60H40)},
  MRNUMBER = {1867426 (2002j:60109)},
MRREVIEWER = {Jean-Pierre Fouque},
       DOI = {10.1007/s004400100153},
}

@article {Falco,
    AUTHOR = {Falco, Pierluigi},
     TITLE = {Kosterlitz-{T}houless transition line for the two dimensional
              {C}oulomb gas},
   JOURNAL = {Comm. Math. Phys.},
  FJOURNAL = {Communications in Mathematical Physics},
    VOLUME = {312},
      YEAR = {2012},
    NUMBER = {2},
     PAGES = {559--609},
      ISSN = {0010-3616},
     CODEN = {CMPHAY},
   MRCLASS = {82B28 (82B26)},
  MRNUMBER = {2917175},
MRREVIEWER = {Domingos H. U. Marchetti},
       DOI = {10.1007/s00220-012-1454-7},
}

@article{SurfModel1,
  title = {Dynamic sine-{G}ordon renormalization of the {L}aplacian roughening transition below two dimensions},
  author = {Kahng, B. and Park, K.},
  journal = {Phys. Rev. B},
  volume = {49},
  issue = {10},
  pages = {7026--7028},
  numpages = {0},
  year = {1994},
  month = {Mar},
  publisher = {American Physical Society},
  doi = {10.1103/PhysRevB.49.7026},
  url = {http://link.aps.org/doi/10.1103/PhysRevB.49.7026}
}

@article{SurfModel2,
  title = {Dynamics of the orientational roughening transition},
  author = {Kahng, B. and Park, K.},
  journal = {Phys. Rev. B},
  volume = {47},
  issue = {10},
  pages = {5583--5588},
  numpages = {0},
  year = {1993},
  month = {Mar},
  publisher = {American Physical Society},
  doi = {10.1103/PhysRevB.47.5583},
  url = {http://link.aps.org/doi/10.1103/PhysRevB.47.5583}
}

@article{JurgPRL,
  title = {Quantized "Sine-Gordon" Equation with a Nonvanishing Mass Term in Two Space-Time Dimensions},
  author = {Fr\"ohlich, J\"urg},
  journal = {Phys. Rev. Lett.},
  volume = {34},
  issue = {13},
  pages = {833--836},
  numpages = {0},
  year = {1975},
  month = {Mar},
  publisher = {American Physical Society},
  doi = {10.1103/PhysRevLett.34.833},
  url = {http://link.aps.org/doi/10.1103/PhysRevLett.34.833}
}

@article {Jurg,
    AUTHOR = {Fr{\"o}hlich, J{\"u}rg},
     TITLE = {Classical and quantum statistical mechanics in one and two
              dimensions: two-component {Y}ukawa- and {C}oulomb systems},
   JOURNAL = {Comm. Math. Phys.},
  FJOURNAL = {Communications in Mathematical Physics},
    VOLUME = {47},
      YEAR = {1976},
    NUMBER = {3},
     PAGES = {233--268},
      ISSN = {0010-3616},
   MRCLASS = {82.47},
  MRNUMBER = {0434278 (55 \#7246)},
MRREVIEWER = {R. Hoegh-Krohn},
}

@book {Triebel,
    AUTHOR = {Triebel, Hans},
     TITLE = {Theory of function spaces},
    SERIES = {Monographs in Mathematics},
    VOLUME = {78},
 PUBLISHER = {Birkh\"auser Verlag},
   ADDRESS = {Basel},
      YEAR = {1983},
     PAGES = {284},
      ISBN = {3-7643-1381-1},
   MRCLASS = {46Exx},
  MRNUMBER = {781540 (86j:46026)},
       DOI = {10.1007/978-3-0346-0416-1},
}

@book {PeccatiTaqqu,
    AUTHOR = {Peccati, Giovanni and Taqqu, Murad},
     TITLE = {Wiener Chaos: Moments, Cumulants and Diagrams},
    SERIES = {Boccni and {S}pringer Series},
    VOLUME = {1},
 PUBLISHER = {Springer},
      YEAR = {2011},
     PAGES = {274},
}


@article {CDM,
    AUTHOR = {Hairer, Martin},
     TITLE = {Regularity structures and the dynamical $\Phi^4_3$ model},
   JOURNAL = {Current Developments in Mathematics},
    VOLUME = {2014},
      YEAR = {2016},
     PAGES = {1--50},
   eprint = {1508.05261},
}


@book {FrizHairer,
    AUTHOR = {Friz, Peter K. and Hairer, Martin},
     TITLE = {A course on rough paths},
    SERIES = {Universitext},
      NOTE = {With an introduction to regularity structures},
 PUBLISHER = {Springer, Cham},
      YEAR = {2014},
     PAGES = {xiv+251},
      ISBN = {978-3-319-08331-5; 978-3-319-08332-2},
   MRCLASS = {60-02 (34F05 35R60 60H07 60H10 60H15)},
  MRNUMBER = {3289027},
MRREVIEWER = {Fabrice Baudoin},
       DOI = {10.1007/978-3-319-08332-2},
       URL = {http://0-dx.doi.org.pugwash.lib.warwick.ac.uk/10.1007/978-3-319-08332-2},
}
	

@unpublished{AndrisKonstantin,
	author = {Andris Gerasimovics and Martin Hairer and Konstantin Matetski},
	year = {2020},
	title = {Directed mean curvature flow in noisy environment},
	note = {In preparation}
	}


@unpublished{Milton,
	author = {C{\'e}dric Bernardin and Patricia Gon{\c c}alves and Milton Jara},
	year = {2013},
	title = {Private communication},
	}

@article {MR849210,
    AUTHOR = {Nicol{\`o}, F. and Renn, J. and Steinmann, A.},
     TITLE = {On the massive sine-{G}ordon equation in all regions of
              collapse},
   JOURNAL = {Comm. Math. Phys.},
  FJOURNAL = {Communications in Mathematical Physics},
    VOLUME = {105},
      YEAR = {1986},
    NUMBER = {2},
     PAGES = {291--326},
      ISSN = {0010-3616},
     CODEN = {CMPHAY},
   MRCLASS = {81E08 (81E15)},
  MRNUMBER = {849210 (88i:81078)},
}
		
@article{KT,
  author={J M Kosterlitz and D J Thouless},
  title={Ordering, metastability and phase transitions in two-dimensional systems},
  journal={Journal of Physics C: Solid State Physics},
  volume={6},
  number={7},
  pages={1181},
  year={1973}
}
	
@article {MR634447,
    AUTHOR = {Fr{\"o}hlich, J{\"u}rg and Spencer, Thomas},
     TITLE = {The {K}osterlitz-{T}houless transition in two-dimensional
              abelian spin systems and the {C}oulomb gas},
   JOURNAL = {Comm. Math. Phys.},
  FJOURNAL = {Communications in Mathematical Physics},
    VOLUME = {81},
      YEAR = {1981},
    NUMBER = {4},
     PAGES = {527--602},
      ISSN = {0010-3616},
     CODEN = {CMPHAY},
   MRCLASS = {82A25},
  MRNUMBER = {634447 (83b:82029)},
MRREVIEWER = {Alan D. Sloan},
}

@article {MR702570,
    AUTHOR = {Nicol{\`o}, Francesco},
     TITLE = {On the massive sine-{G}ordon equation in the higher regions of
              collapse},
   JOURNAL = {Comm. Math. Phys.},
  FJOURNAL = {Communications in Mathematical Physics},
    VOLUME = {88},
      YEAR = {1983},
    NUMBER = {4},
     PAGES = {581--600},
      ISSN = {0010-3616},
     CODEN = {CMPHAY},
   MRCLASS = {81E08},
  MRNUMBER = {702570 (85e:81075)},
MRREVIEWER = {Andrzej Lesniewski},
}
		
@article {MR649810,
    AUTHOR = {Benfatto, G. and Gallavotti, G. and Nicol{\`o}, F.},
     TITLE = {On the massive sine-{G}ordon equation in the first few regions
              of collapse},
   JOURNAL = {Comm. Math. Phys.},
  FJOURNAL = {Communications in Mathematical Physics},
    VOLUME = {83},
      YEAR = {1982},
    NUMBER = {3},
     PAGES = {387--410},
      ISSN = {0010-3616},
     CODEN = {CMPHAY},
   MRCLASS = {81E10 (81E15)},
  MRNUMBER = {649810 (84a:81022)},
MRREVIEWER = {Francesco Guerra},
}

@article{DynRough,
  title = {Dynamics of the Roughening Transition},
  author = {Chui, S. T. and Weeks, J. D.},
  journal = {Phys. Rev. Lett.},
  volume = {40},
  issue = {12},
  pages = {733--736},
  year = {1978},
  month = {Mar},
  doi = {10.1103/PhysRevLett.40.733},
  publisher = {American Physical Society}
}

@ARTICLE{Hairer16,
   author = {Hairer, Martin},
    title = {The motion of a random string},
  journal = {ArXiv e-prints},
archivePrefix = "arXiv",
   eprint = {1605.02192},
 primaryClass = "math.PR",
 keywords = {Mathematics - Probability, Mathematical Physics},
     year = 2016,
    month = may,
   adsurl = {http://adsabs.harvard.edu/abs/2016arXiv160502192H},
  adsnote = {Provided by the SAO/NASA Astrophysics Data System}
}

@article{Neudecker,
year={1983},
issn={0722-3277},
journal={Zeitschrift f\"ur Physik B Condensed Matter},
volume={52},
number={2},
doi={10.1007/BF01445296},
title={Critical dynamics of the sine-{G}ordon model in $d=2-\eps$ dimensions},
publisher={Springer-Verlag},
author={Neudecker, Bernhard},
pages={145-149},
language={English}
}

@article {MR1777310,
    AUTHOR = {Dimock, J. and Hurd, T. R.},
     TITLE = {Sine-{G}ordon revisited},
   JOURNAL = {Ann. Henri Poincar\'e},
  FJOURNAL = {Annales Henri Poincar\'e. A Journal of Theoretical and
              Mathematical Physics},
    VOLUME = {1},
      YEAR = {2000},
    NUMBER = {3},
     PAGES = {499--541},
      ISSN = {1424-0637},
   MRCLASS = {81T10 (81T08 81T17 82B21 82B28)},
  MRNUMBER = {1777310 (2001i:81160)},
MRREVIEWER = {Aldo Procacci},
       DOI = {10.1007/s000230050005},
}

@article {MR0240169,
    AUTHOR = {Larson, Richard Gustavus and Sweedler, Moss Eisenberg},
     TITLE = {An associative orthogonal bilinear form for {H}opf algebras},
   JOURNAL = {Amer. J. Math.},
  FJOURNAL = {American Journal of Mathematics},
    VOLUME = {91},
      YEAR = {1969},
     PAGES = {75--94},
      ISSN = {0002-9327},
   MRCLASS = {18.20 (16.00)},
  MRNUMBER = {0240169 (39 \#1523)},
MRREVIEWER = {K.-T. Chen},
}

@ARTICLE{HS15,
   author = {{Hairer}, M. and {Shen}, H.},
    title = "{A central limit theorem for the KPZ equation}",
  journal = {ArXiv e-prints},
archivePrefix = "arXiv",
   eprint = {1507.01237},
 primaryClass = "math.PR",
 keywords = {Mathematics - Probability, Mathematical Physics, Mathematics - Analysis of PDEs},
     year = 2015,
    month = jul,
   adsurl = {http://adsabs.harvard.edu/abs/2015arXiv150701237H},
  adsnote = {Provided by the SAO/NASA Astrophysics Data System}
}

@ARTICLE{CS16,
   author = {{Chandra}, A. and {Shen}, H.},
    title = "{Moment bounds for SPDEs with non-Gaussian fields and application to the Wong-Zakai problem}",
  journal = {ArXiv e-prints},
archivePrefix = "arXiv",
   eprint = {1605.05683},
 primaryClass = "math.PR",
 keywords = {Mathematics - Probability, Mathematics - Analysis of PDEs},
     year = 2016,
    month = may,
   adsurl = {http://adsabs.harvard.edu/abs/2016arXiv160505683C},
  adsnote = {Provided by the SAO/NASA Astrophysics Data System}
}

@ARTICLE{SX16,
   author = {{Shen}, H. and {Xu}, W.},
    title = "{Weak universality of dynamical $\Phi^4_3$: non-Gaussian noise}",
  journal = {ArXiv e-prints},
archivePrefix = "arXiv",
   eprint = {1601.05724},
 primaryClass = "math-ph",
 keywords = {Mathematical Physics, Mathematics - Probability},
     year = 2016,
    month = jan,
   adsurl = {http://adsabs.harvard.edu/abs/2016arXiv160105724S},
  adsnote = {Provided by the SAO/NASA Astrophysics Data System}
}



@ARTICLE{ArnulfE,
   author = {{E}, W. and {Jentzen}, A. and {Shen}, H.},
    title = "{Renormalized powers of Ornstein-Uhlenbeck processes and well-posedness of stochastic Ginzburg-Landau equations}",
  journal = {ArXiv e-prints},
archivePrefix = "arXiv",
   eprint = {1302.5930},
 primaryClass = "math-ph",
 keywords = {Mathematical Physics, Mathematics - Analysis of PDEs, Mathematics - Probability},
     year = 2013,
    month = feb,
   adsurl = {http://adsabs.harvard.edu/abs/2013arXiv1302.5930E},
  adsnote = {Provided by the SAO/NASA Astrophysics Data System}
}

@article {MR0064324,
    AUTHOR = {Schwartz, Laurent},
     TITLE = {Sur l'impossibilit\'e de la multiplication des distributions},
   JOURNAL = {C. R. Acad. Sci. Paris},
    VOLUME = {239},
      YEAR = {1954},
     PAGES = {847--848},
   MRCLASS = {46.3X},
  MRNUMBER = {0064324 (16,265e)},
MRREVIEWER = {J. Sebasti{\~a}o e Silva},
}

@article {MR643591,
    AUTHOR = {Fr{\"o}hlich, J{\"u}rg},
     TITLE = {On the triviality of {$\lambda \varphi ^{4}_{d}$} theories
              and the approach to the critical point in {$d>4$} dimensions},
   JOURNAL = {Nuclear Phys. B},
  FJOURNAL = {Nuclear Physics. B},
    VOLUME = {200},
      YEAR = {1982},
    NUMBER = {2},
     PAGES = {281--296},
      ISSN = {0550-3213},
     CODEN = {NUPBBO},
   MRCLASS = {81E10 (58E99 81E25 82A25)},
  MRNUMBER = {643591 (83h:81046)},
MRREVIEWER = {J. Fernando Perez},
       DOI = {10.1016/0550-3213(82)90088-8},
}

@book {GlimmJaffe,
    AUTHOR = {Glimm, James and Jaffe, Arthur},
     TITLE = {Quantum physics},
   EDITION = {Second},
      NOTE = {A functional integral point of view},
 PUBLISHER = {Springer-Verlag},
   ADDRESS = {New York},
      YEAR = {1987},
     PAGES = {xxii+535},
      ISBN = {0-387-96476-2},
   MRCLASS = {81-02 (81E05)},
  MRNUMBER = {887102 (89k:81001)},
MRREVIEWER = {P. D. F. Ion},
       DOI = {10.1007/978-1-4612-4728-9},
}

@article {MR0359612,
    AUTHOR = {Eckmann, Jean-Pierre and Osterwalder, Konrad},
     TITLE = {On the uniqueness of the {H}amiltionian and of the
              representation of the {${\rm CCR}$} for the quartic boson
              interaction in three dimensions},
   JOURNAL = {Helv. Phys. Acta},
  FJOURNAL = {Helvetica Physica Acta. Physica Theoretica. Societatis
              Physicae Helveticae Commentaria Publica},
    VOLUME = {44},
      YEAR = {1971},
     PAGES = {884--909},
      ISSN = {0018-0238},
   MRCLASS = {81.47},
  MRNUMBER = {0359612 (50 \#12065)},
MRREVIEWER = {P. Achuthan},
}

@article {MR0408581,
    AUTHOR = {Glimm, James and Jaffe, Arthur},
     TITLE = {Positivity of the {$\phi ^{4}_{3}$} {H}amiltonian},
   JOURNAL = {Fortschr. Physik},
  FJOURNAL = {Fortschritte der Physik. Progress of Physics},
    VOLUME = {21},
      YEAR = {1973},
     PAGES = {327--376},
      ISSN = {0015-8208},
   MRCLASS = {81.47},
  MRNUMBER = {0408581 (53 \#12345)},
MRREVIEWER = {R. Hoegh-Krohn},
}

@article {MR1317994,
    AUTHOR = {Bertini, L. and Presutti, E. and R{\"u}diger, B. and Saada,
              E.},
     TITLE = {Dynamical fluctuations at the critical point: convergence to a
              nonlinear stochastic {PDE}},
   JOURNAL = {Teor. Veroyatnost. i Primenen.},
  FJOURNAL = {Rossi\u\i skaya Akademiya Nauk. Teoriya Veroyatnoste\u\i\ i ee
              Primeneniya},
    VOLUME = {38},
      YEAR = {1993},
    NUMBER = {4},
     PAGES = {689--741},
      ISSN = {0040-361X},
   MRCLASS = {60K35 (60H15 82C31)},
  MRNUMBER = {1317994 (96m:60235)},
MRREVIEWER = {Ya. {\=I}. B{\={\i}}lopol{\cprime}s{\cprime}ka},
}

@ARTICLE{StringManifold,
       author = {{Bruned}, Yvain and {Gabriel}, Franck and {Hairer}, Martin and
         {Zambotti}, Lorenzo},
        title = "{Geometric stochastic heat equations}",
      journal = {ArXiv e-prints},
     keywords = {Mathematics - Probability, Mathematics - Analysis of PDEs, 60H15},
         year = "2019",
        month = "Feb",
          eid = {arXiv:1902.02884},
archivePrefix = {arXiv},
       eprint = {1902.02884},
 primaryClass = {math.PR},
       adsurl = {https://ui.adsabs.harvard.edu/abs/2019arXiv190202884B},
      adsnote = {Provided by the SAO/NASA Astrophysics Data System}
}

@article {Mitter,
    AUTHOR = {Mitter, P. K. and Viallet, C.-M.},
     TITLE = {On the bundle of connections and the gauge orbit manifold in
              {Y}ang-{M}ills theory},
   JOURNAL = {Comm. Math. Phys.},
  FJOURNAL = {Communications in Mathematical Physics},
    VOLUME = {79},
      YEAR = {1981},
    NUMBER = {4},
     PAGES = {457--472},
     doi = {10.1007/BF01209307},
      ISSN = {0010-3616},
   MRCLASS = {81E10 (53C05 58D15 58D99)},
  MRNUMBER = {623962},
MRREVIEWER = {F. J. Bloore},
       URL = {http://projecteuclid.org/euclid.cmp/1103909137},
}

@article {Gross83,
    AUTHOR = {Gross, Leonard},
     TITLE = {Convergence of {${\rm U}(1)\sb{3}$} lattice gauge theory to
              its continuum limit},
   JOURNAL = {Comm. Math. Phys.},
  FJOURNAL = {Communications in Mathematical Physics},
    VOLUME = {92},
      YEAR = {1983},
    NUMBER = {2},
     PAGES = {137--162},
      ISSN = {0010-3616},
   MRCLASS = {81E25},
  MRNUMBER = {728862},
MRREVIEWER = {R. Delbourgo},
       URL = {http://projecteuclid.org/euclid.cmp/1103940795},
}

@ARTICLE{GrossSingular,
       author = {{Gross}, Leonard},
        title = "{Stability of the Yang-Mills heat equation for finite action}",
      journal = {ArXiv e-prints},
     keywords = {Mathematics - Analysis of PDEs, Mathematical Physics, 35K58, 35K65 (Primary) 70S15, 35K51, 58J35 (Secondary)},
         year = "2017",
        month = "Oct",
archivePrefix = {arXiv},
       eprint = {1711.00114},
 primaryClass = {math.AP},
       adsurl = {https://ui.adsabs.harvard.edu/abs/2017arXiv171100114G},
      adsnote = {Provided by the SAO/NASA Astrophysics Data System}
}

@ARTICLE{Gross2016FiniteAction,
	author = {{Gross}, Leonard},
	title = "{The Yang-Mills heat equation with finite action}",
	journal = {arXiv e-prints},
	keywords = {Mathematics - Analysis of PDEs, Mathematical Physics, 35K58, 35K65 (Primary), 70S15, 35K51, 58J35 (Secondary)},
	year = 2016,
	month = jun,
	archivePrefix = {arXiv},
	eprint = {1606.04151},
	primaryClass = {math.AP},
	adsurl = {https://ui.adsabs.harvard.edu/abs/2016arXiv160604151G},
	adsnote = {Provided by the SAO/NASA Astrophysics Data System}
}

@article {Shen21,
	AUTHOR = {Shen, Hao},
	TITLE = {Stochastic quantization of an {A}belian gauge theory},
	JOURNAL = {Comm. Math. Phys.},
	FJOURNAL = {Communications in Mathematical Physics},
	VOLUME = {384},
	YEAR = {2021},
	NUMBER = {3},
	PAGES = {1445--1512},
	ISSN = {0010-3616},
	MRCLASS = {81S20 (60L30)},
	MRNUMBER = {4268826},
	DOI = {10.1007/s00220-021-04114-x},
	URL = {https://doi.org/10.1007/s00220-021-04114-x},
}

@article {MR0420249,
    AUTHOR = {Gross, Leonard},
     TITLE = {Logarithmic {S}obolev inequalities},
   JOURNAL = {Amer. J. Math.},
  FJOURNAL = {American Journal of Mathematics},
    VOLUME = {97},
      YEAR = {1975},
    NUMBER = {4},
     PAGES = {1061--1083},
      ISSN = {0002-9327},
   MRCLASS = {46E35 (81.47)},
  MRNUMBER = {0420249 (54 \#8263)},
MRREVIEWER = {R. Hoegh-Krohn},
}

@article {MR0343816,
    AUTHOR = {Nelson, Edward},
     TITLE = {The free {M}arkoff field},
   JOURNAL = {J. Functional Analysis},
    VOLUME = {12},
      YEAR = {1973},
     PAGES = {211--227},
   MRCLASS = {81.53},
  MRNUMBER = {0343816 (49 \#8556)},
MRREVIEWER = {J. Glimm},
}

@book {RevYor,
    AUTHOR = {Revuz, Daniel and Yor, Marc},
     TITLE = {Continuous martingales and {B}rownian motion},
    SERIES = {Grundlehren der Mathematischen Wissenschaften [Fundamental
              Principles of Mathematical Sciences]},
    VOLUME = {293},
 PUBLISHER = {Springer-Verlag},
   ADDRESS = {Berlin},
      YEAR = {1991},
     PAGES = {x+533},
      ISBN = {3-540-52167-4},
   MRCLASS = {60G48 (60G44 60H05 60H10)},
  MRNUMBER = {MR1083357 (92d:60053)},
MRREVIEWER = {F. B. Knight},
}

@article {MR0384003,
    AUTHOR = {Feldman, Joel},
     TITLE = {The {$\lambda \varphi ^{4}_{3}$} field theory in a finite
              volume},
   JOURNAL = {Comm. Math. Phys.},
  FJOURNAL = {Communications in Mathematical Physics},
    VOLUME = {37},
      YEAR = {1974},
     PAGES = {93--120},
      ISSN = {0010-3616},
   MRCLASS = {81.46},
  MRNUMBER = {0384003 (52 \#4880)},
MRREVIEWER = {S. Aramaki},
}

@article {MR1511704,
    AUTHOR = {Bieberbach, Ludwig},
     TITLE = {\"{U}ber die {B}ewegungsgruppen der {E}uklidischen {R}\"aume
              ({Z}weite {A}bhandlung.) {D}ie {G}ruppen mit einem endlichen
              {F}undamentalbereich},
   JOURNAL = {Math. Ann.},
  FJOURNAL = {Mathematische Annalen},
    VOLUME = {72},
      YEAR = {1912},
    NUMBER = {3},
     PAGES = {400--412},
      ISSN = {0025-5831},
     CODEN = {MAANA},
   MRCLASS = {Contributed Item},
  MRNUMBER = {1511704},
}
		
@article {MR1511623,
    AUTHOR = {Bieberbach, Ludwig},
     TITLE = {\"{U}ber die {B}ewegungsgruppen der {E}uklidischen {R}\"aume},
   JOURNAL = {Math. Ann.},
  FJOURNAL = {Mathematische Annalen},
    VOLUME = {70},
      YEAR = {1911},
    NUMBER = {3},
     PAGES = {297--336},
      ISSN = {0025-5831},
     CODEN = {MAANA},
   MRCLASS = {Contributed Item},
  MRNUMBER = {1511623},
}

@article {MR0231601,
    AUTHOR = {Glimm, James},
     TITLE = {Boson fields with the {${:}\Phi ^{4}{:}$} interaction in three
              dimensions},
   JOURNAL = {Comm. Math. Phys.},
  FJOURNAL = {Communications in Mathematical Physics},
    VOLUME = {10},
      YEAR = {1968},
     PAGES = {1--47},
      ISSN = {0010-3616},
   MRCLASS = {81.46},
  MRNUMBER = {0231601 (37 \#7154)},
MRREVIEWER = {W. G{\"u}ttinger},
}

@article {MR0416337,
    AUTHOR = {Feldman, Joel S. and Osterwalder, Konrad},
     TITLE = {The {W}ightman axioms and the mass gap for weakly coupled
              {$(\Phi ^{4})_{3}$} quantum field theories},
   JOURNAL = {Ann. Physics},
  FJOURNAL = {Annals of Physics},
    VOLUME = {97},
      YEAR = {1976},
    NUMBER = {1},
     PAGES = {80--135},
      ISSN = {0003-4916},
   MRCLASS = {81.46},
  MRNUMBER = {0416337 (54 \#4412)},
MRREVIEWER = {James D. Fabrey},
}

@article {Renorm,
    AUTHOR = {Delamotte, B.},
     TITLE = {A hint of renormalization},
   JOURNAL = {Amer. J. Phys.},
  FJOURNAL = {American Journal of Physics},
      YEAR = {2004},
    VOLUME = {72},
    NUMBER = {2},
     PAGES = {170},
}

@article {MR2387018,
    AUTHOR = {Davie, A. M.},
     TITLE = {Differential equations driven by rough paths: an approach via
              discrete approximation},
   JOURNAL = {Appl. Math. Res. Express. AMRX},
  FJOURNAL = {Applied Mathematics Research Express. AMRX},
volume = {2008}, 
year = {2008}, 
     PAGES = {Art. ID abm009, 40},
      ISSN = {1687-1200},
   MRCLASS = {34F05 (34A36 60H10 65C30)},
  MRNUMBER = {2387018 (2009e:34172)},
}

@incollection {MR876085,
    AUTHOR = {Walsh, John B.},
     TITLE = {An introduction to stochastic partial differential equations},
 BOOKTITLE = {\'{E}cole d'\'et\'e de probabilit\'es de {S}aint-{F}lour,
              {XIV}---1984},
    SERIES = {Lecture Notes in Math.},
    VOLUME = {1180},
     PAGES = {265--439},
 PUBLISHER = {Springer},
   ADDRESS = {Berlin},
      YEAR = {1986},
   MRCLASS = {60H15 (35R60 60G20 60J80)},
  MRNUMBER = {876085 (88a:60114)},
MRREVIEWER = {Luis G. Gorostiza},
}

@book {MR2036784,
    AUTHOR = {Lyons, Terry and Qian, Zhongmin},
     TITLE = {System control and rough paths},
    SERIES = {Oxford Mathematical Monographs},
      NOTE = {Oxford Science Publications},
 PUBLISHER = {Oxford University Press},
   ADDRESS = {Oxford},
      YEAR = {2002},
     PAGES = {x+216},
      ISBN = {0-19-850648-1},
   MRCLASS = {93-02 (60H05 60H30 60J65 93C10)},
  MRNUMBER = {2036784 (2005f:93001)},
MRREVIEWER = {Daniel Ocone},
}

@incollection {MR1661764,
    AUTHOR = {Giacomin, Giambattista and Lebowitz, Joel L. and Presutti,
              Errico},
     TITLE = {Deterministic and stochastic hydrodynamic equations arising
              from simple microscopic model systems},
 BOOKTITLE = {Stochastic partial differential equations: six perspectives},
    SERIES = {Math. Surveys Monogr.},
    VOLUME = {64},
     PAGES = {107--152},
 PUBLISHER = {Amer. Math. Soc.},
   ADDRESS = {Providence, RI},
      YEAR = {1999},
   MRCLASS = {60K35 (35R60 60H15 76A02 76M35 82B05 82C05)},
  MRNUMBER = {1661764 (2000f:60151)},
MRREVIEWER = {Pablo A. Ferrari},
}

@article {MR1451997,
    AUTHOR = {Benth, F. E. and Deck, T. and Potthoff, J.},
     TITLE = {A white noise approach to a class of non-linear stochastic
              heat equations},
   JOURNAL = {J. Funct. Anal.},
  FJOURNAL = {Journal of Functional Analysis},
    VOLUME = {146},
      YEAR = {1997},
    NUMBER = {2},
     PAGES = {382--415},
      ISSN = {0022-1236},
     CODEN = {JFUAAW},
   MRCLASS = {60H15 (35K57 35R60 46G12)},
  MRNUMBER = {1451997 (98g:60112)},
MRREVIEWER = {Isamu D{\^o}ku},
}
@article {MR2050201,
    AUTHOR = {Mikulevicius, R. and Rozovskii, B. L.},
     TITLE = {Stochastic {N}avier-{S}tokes equations for turbulent flows},
   JOURNAL = {SIAM J. Math. Anal.},
  FJOURNAL = {SIAM Journal on Mathematical Analysis},
    VOLUME = {35},
      YEAR = {2004},
    NUMBER = {5},
     PAGES = {1250--1310},
      ISSN = {0036-1410},
     CODEN = {SJMAAH},
   MRCLASS = {60H15 (35Q30 35R60 76D05 76F02 76M35)},
  MRNUMBER = {2050201 (2005b:60156)},
MRREVIEWER = {Anna Karczewska},
}

@article {Luscher10,
	AUTHOR = {L{\"u}scher, Martin},
	TITLE = {Properties and uses of the {W}ilson flow in lattice {QCD}},
	JOURNAL = {J. High Energy Phys.},
	FJOURNAL = {Journal of High Energy Physics},
	YEAR = {2010},
	Volume={2010},
	NUMBER = {8},
	PAGES = {071, 18},
	ISSN = {1126-6708},
	MRCLASS = {81V05 (81T25)},
	MRNUMBER = {2756058},
	DOI = {10.1007/JHEP08(2010)071},
	URL = {https://doi.org/10.1007/JHEP08(2010)071},
}

@book {Nualart,
    AUTHOR = {Nualart, David},
     TITLE = {The {M}alliavin calculus and related topics},
    SERIES = {Probability and its Applications (New York)},
   EDITION = {Second},
 PUBLISHER = {Springer-Verlag},
   ADDRESS = {Berlin},
      YEAR = {2006},
     PAGES = {xiv+382},
      ISBN = {978-3-540-28328-7; 3-540-28328-5},
   MRCLASS = {60-02 (60H07 60H30)},
  MRNUMBER = {2200233 (2006j:60004)},
MRREVIEWER = {Daniel Ocone},
}
@article {Ryser,
    AUTHOR = {Hairer, Martin and Ryser, Marc D. and Weber, Hendrik},
     TITLE = {Triviality of the 2{D} stochastic {A}llen-{C}ahn equation},
   JOURNAL = {Electron. J. Probab.},
  FJOURNAL = {Electronic Journal of Probability},
    VOLUME = {17},
      YEAR = {2012},
     PAGES = {no. 39, 14},
      ISSN = {1083-6489},
   MRCLASS = {60H15},
  MRNUMBER = {2928722},
}
@article {MR701451,
    AUTHOR = {Colombeau, J.-F.},
     TITLE = {A multiplication of distributions},
   JOURNAL = {J. Math. Anal. Appl.},
  FJOURNAL = {Journal of Mathematical Analysis and Applications},
    VOLUME = {94},
      YEAR = {1983},
    NUMBER = {1},
     PAGES = {96--115},
      ISSN = {0022-247X},
     CODEN = {JMANAK},
   MRCLASS = {46F10 (46G99 81E05)},
  MRNUMBER = {701451 (85d:46053)},
MRREVIEWER = {P. Szeptycki},
}
@article {WienerChaos,
    AUTHOR = {Wiener, Norbert},
     TITLE = {The {H}omogeneous {C}haos},
   JOURNAL = {Amer. J. Math.},
  FJOURNAL = {American Journal of Mathematics},
    VOLUME = {60},
      YEAR = {1938},
    NUMBER = {4},
     PAGES = {897--936},
      ISSN = {0002-9327},
     CODEN = {AJMAAN},
   MRCLASS = {Contributed Item},
  MRNUMBER = {1507356},
 }
@article {MR0469019,
    AUTHOR = {Rosen, Jay},
     TITLE = {The {I}sing model limit of {$\phi ^{4}$} lattice fields},
   JOURNAL = {Proc. Amer. Math. Soc.},
  FJOURNAL = {Proceedings of the American Mathematical Society},
    VOLUME = {66},
      YEAR = {1977},
    NUMBER = {1},
     PAGES = {114--118},
      ISSN = {0002-9939},
   MRCLASS = {82.60},
  MRNUMBER = {0469019 (57 \#8820)},
MRREVIEWER = {R. A. Minlos},
}

@book {MR738781,
    AUTHOR = {Colombeau, Jean-Fran{\c{c}}ois},
     TITLE = {New generalized functions and multiplication of distributions},
    SERIES = {North-Holland Mathematics Studies},
    VOLUME = {84},
      NOTE = {Notas de Matem{\'a}tica [Mathematical Notes], 90},
 PUBLISHER = {North-Holland Publishing Co.},
   ADDRESS = {Amsterdam},
      YEAR = {1984},
     PAGES = {xii+375},
      ISBN = {0-444-86830-5},
   MRCLASS = {46Fxx (46G20 58B12 58C10 81E99)},
  MRNUMBER = {738781 (86c:46042)},
MRREVIEWER = {Richard M. Aron},
}

@book {MR0451429,
    AUTHOR = {Hida, Takeyuki},
     TITLE = {Analysis of {B}rownian functionals},
      NOTE = {Carleton Mathematical Lecture Notes, No. 13},
 PUBLISHER = {Carleton Univ.},
   ADDRESS = {Ottawa, Ont.},
      YEAR = {1975},
     PAGES = {iv+61},
   MRCLASS = {60J65 (60G15 60G25 28A40)},
  MRNUMBER = {0451429 (56 \#9715)},
MRREVIEWER = {V. S. Mandrekar},
}

@article {MR0076151,
    AUTHOR = {H{\"o}rmander, Lars},
     TITLE = {On the theory of general partial differential operators},
   JOURNAL = {Acta Math.},
  FJOURNAL = {Acta Mathematica},
    VOLUME = {94},
      YEAR = {1955},
     PAGES = {161--248},
      ISSN = {0001-5962},
   MRCLASS = {35.0X},
  MRNUMBER = {0076151 (17,853d)},
MRREVIEWER = {J. L. Lions},
}

@ARTICLE{DavidK,
   author = {{Hairer}, M. and {Kelly}, D.},
    title = "{Geometric versus non-geometric rough paths}",
  journal = {ArXiv e-prints},
archivePrefix = "arXiv",
   eprint = {1210.6294},
 primaryClass = "math.PR",
 keywords = {Mathematics - Probability, Mathematics - Classical Analysis and ODEs, 60H10, 34K28, 16T05},
     year = 2012,
    month = oct,
   adsurl = {http://adsabs.harvard.edu/abs/2012arXiv1210.6294H},
  adsnote = {Provided by the SAO/NASA Astrophysics Data System}
}

@article {GIP15,
    AUTHOR = {Gubinelli, Massimiliano and Imkeller, Peter and Perkowski,
              Nicolas},
     TITLE = {Paracontrolled distributions and singular {PDE}s},
   JOURNAL = {Forum Math. Pi},
  FJOURNAL = {Forum of Mathematics. Pi},
    VOLUME = {3},
      YEAR = {2015},
     PAGES = {e6, 75},
      ISSN = {2050-5086},
   eprint = {1210.2684v3},
   MRCLASS = {60H15 (35S50)},
  MRNUMBER = {3406823},
       DOI = {10.1017/fmp.2015.2},
}

@article {Oberhaus,
    AUTHOR = {Caruana, Michael and Friz, Peter K. and Oberhauser, Harald},
     TITLE = {A (rough) pathwise approach to a class of non-linear
              stochastic partial differential equations},
   JOURNAL = {Ann. Inst. H. Poincar\'e Anal. Non Lin\'eaire},
  FJOURNAL = {Annales de l'Institut Henri Poincar\'e. Analyse Non
              Lin\'eaire},
    VOLUME = {28},
      YEAR = {2011},
    NUMBER = {1},
     PAGES = {27--46},
      ISSN = {0294-1449},
   MRCLASS = {60H15 (35K55 35R60 60G17)},
  MRNUMBER = {2765508 (2011m:60192)},
}

@article {MaxSam,
    AUTHOR = {Massimiliano Gubinelli and Samy Tindel},
     TITLE = {ROUGH EVOLUTION EQUATIONS},
   JOURNAL = {Ann. Probab.},
  FJOURNAL = {The Annals of Probability},
    VOLUME = {38},
      YEAR = {2010},
    NUMBER = {1},
     PAGES = {1--75},
}

@incollection{AT06,
  title={On a {S}zeg{\"o} type limit theorem and the asymptotic theory of random sums, integrals and quadratic forms},
  author={Avram, Florin and Taqqu, Murad S},
  booktitle={Dependence in probability and statistics},
  pages={259--286},
  year={2006},
  doi = {10.1007/0-387-36062-X_12},
  publisher={Springer}
}

@article {Josef,
    AUTHOR = {Teichmann, Josef},
     TITLE = {Another approach to some rough and stochastic partial
              differential equations},
   JOURNAL = {Stoch. Dyn.},
  FJOURNAL = {Stochastics and Dynamics},
    VOLUME = {11},
      YEAR = {2011},
    NUMBER = {2-3},
     PAGES = {535--550},
      ISSN = {0219-4937},
   MRCLASS = {35R60 (60H15)},
  MRNUMBER = {2836540 (2012h:35391)},
MRREVIEWER = {Nikolaos Halidias},
}

@article {MR2860933,
    AUTHOR = {Hairer, Martin and Voss, Jochen},
     TITLE = {Approximations to the stochastic {B}urgers equation},
   JOURNAL = {J. Nonlinear Sci.},
  FJOURNAL = {Journal of Nonlinear Science},
    VOLUME = {21},
      YEAR = {2011},
    NUMBER = {6},
     PAGES = {897--920},
      ISSN = {0938-8974},
   MRCLASS = {60H35 (60H15 65C30)},
  MRNUMBER = {2860933 (2012k:60197)},
MRREVIEWER = {Jan I. Seidler},
}

@article {MR631751,
    AUTHOR = {Bony, Jean-Michel},
     TITLE = {Calcul symbolique et propagation des singularit\'es pour les
              \'equations aux d\'eriv\'ees partielles non lin\'eaires},
   JOURNAL = {Ann. Sci. \'Ecole Norm. Sup. (4)},
  FJOURNAL = {Annales Scientifiques de l'\'Ecole Normale Sup\'erieure.
              Quatri\`eme S\'erie},
    VOLUME = {14},
      YEAR = {1981},
    NUMBER = {2},
     PAGES = {209--246},
      ISSN = {0012-9593},
     CODEN = {ASENAH},
   MRCLASS = {35S99 (35G20)},
  MRNUMBER = {631751 (84h:35177)},
MRREVIEWER = {J. Lacroix},
}

@article {MR2682821,
    AUTHOR = {B{\'e}nyi, {\'A}rp{\'a}d and Maldonado, Diego and Naibo,
              Virginia},
     TITLE = {What is {$\ldots$} a paraproduct?},
   JOURNAL = {Notices Amer. Math. Soc.},
  FJOURNAL = {Notices of the American Mathematical Society},
    VOLUME = {57},
      YEAR = {2010},
    NUMBER = {7},
     PAGES = {858--860},
      ISSN = {0002-9920},
     CODEN = {AMNOAN},
   MRCLASS = {42B20 (47G10)},
  MRNUMBER = {2682821 (2011e:42019)},
MRREVIEWER = {Andreas Seeger},
}

@book {BookChemin,
    AUTHOR = {Bahouri, Hajer and Chemin, Jean-Yves and Danchin, Rapha{\"e}l},
     TITLE = {Fourier analysis and nonlinear partial differential equations},
    SERIES = {Grundlehren der Mathematischen Wissenschaften [Fundamental
              Principles of Mathematical Sciences]},
    VOLUME = {343},
 PUBLISHER = {Springer},
   ADDRESS = {Heidelberg},
      YEAR = {2011},
     PAGES = {xvi+523},
      ISBN = {978-3-642-16829-1},
   MRCLASS = {35-02 (35L72 35Q30 42-02 42B37 76B03 76D03 76N10)},
  MRNUMBER = {2768550 (2011m:35004)},
MRREVIEWER = {Peter R. Massopust},
}

@article {Jan,
    AUTHOR = {Hairer, Martin and Maas, Jan},
     TITLE = {A spatial version of the {I}t\^o-{S}tratonovich correction},
   JOURNAL = {Ann. Probab.},
  FJOURNAL = {The Annals of Probability},
    VOLUME = {40},
      YEAR = {2012},
    NUMBER = {4},
     PAGES = {1675--1714},
}

@article{Zdzislaw,
author = {Brze{\'z}niak, Zdzislaw and Goldys, Beniamin and Jegaraj, Terence}, 
title = {Weak Solutions of a Stochastic {L}andau-{L}ifshitz-{G}ilbert Equation},
   JOURNAL = {Appl. Math. Res. Express. AMRX},
  FJOURNAL = {Applied Mathematics Research Express. AMRX},
volume = {2012}, 
year = {2012}, 
     PAGES = {Art. ID abs009, 33},
}

@article {MR2106008,
    AUTHOR = {Brouder, Ch.},
     TITLE = {Trees, renormalization and differential equations},
   JOURNAL = {BIT},
  FJOURNAL = {BIT. Numerical Mathematics},
    VOLUME = {44},
      YEAR = {2004},
    NUMBER = {3},
     PAGES = {425--438},
      ISSN = {0006-3835},
   MRCLASS = {16W30 (65L06 81T15)},
  MRNUMBER = {2106008 (2005i:16074)},
MRREVIEWER = {Loic Foissy},
}

@book {MR1406091,
    AUTHOR = {Krylov, N. V.},
     TITLE = {Lectures on elliptic and parabolic equations in {H}\"older
              spaces},
    SERIES = {Graduate Studies in Mathematics},
    VOLUME = {12},
 PUBLISHER = {American Mathematical Society},
   ADDRESS = {Providence, RI},
      YEAR = {1996},
     PAGES = {xii+164},
      ISBN = {0-8218-0569-X},
   MRCLASS = {35-01 (35Jxx 35Kxx)},
  MRNUMBER = {1406091 (97i:35001)},
MRREVIEWER = {Manfred W. Kracht},
}

@book {Krylov,
    AUTHOR = {Krylov, N. V.},
     TITLE = {Lectures on elliptic and parabolic equations in {S}obolev
              spaces},
    SERIES = {Graduate Studies in Mathematics},
    VOLUME = {96},
 PUBLISHER = {American Mathematical Society},
   ADDRESS = {Providence, RI},
      YEAR = {2008},
     PAGES = {xviii+357},
      ISBN = {978-0-8218-4684-1},
   MRCLASS = {35-01 (35J15 35K10 35S05 46E35 46N20)},
  MRNUMBER = {2435520 (2009k:35001)},
MRREVIEWER = {Vicen{\c{t}}iu R{\u{a}}dulescu},
}

@article {MR2257130,
    AUTHOR = {Friz, Peter and Victoir, Nicolas},
     TITLE = {A note on the notion of geometric rough paths},
   JOURNAL = {Probab. Theory Related Fields},
  FJOURNAL = {Probability Theory and Related Fields},
    VOLUME = {136},
      YEAR = {2006},
    NUMBER = {3},
     PAGES = {395--416},
      ISSN = {0178-8051},
     CODEN = {PTRFEU},
   MRCLASS = {60G17 (46E35)},
  MRNUMBER = {2257130 (2007k:60114)},
MRREVIEWER = {Mikhail A. Lifshits},
}

@article {MR701675,
    AUTHOR = {Klauder, John R. and Ezawa, Hiroshi},
     TITLE = {Remarks on a stochastic quantization of scalar fields},
   JOURNAL = {Progr. Theoret. Phys.},
  FJOURNAL = {Progress of Theoretical Physics},
    VOLUME = {69},
      YEAR = {1983},
    NUMBER = {2},
     PAGES = {664--673},
      ISSN = {0033-068X},
     CODEN = {PTPKAV},
   MRCLASS = {81E08 (81C20)},
  MRNUMBER = {701675 (85d:81089)},
}

@article {MR1051499,
    AUTHOR = {Albeverio, Sergio and Cruzeiro, Ana Bela},
     TITLE = {Global flows with invariant ({G}ibbs) measures for {E}uler and
              {N}avier-{S}tokes two-dimensional fluids},
   JOURNAL = {Comm. Math. Phys.},
  FJOURNAL = {Communications in Mathematical Physics},
    VOLUME = {129},
      YEAR = {1990},
    NUMBER = {3},
     PAGES = {431--444},
      ISSN = {0010-3616},
     CODEN = {CMPHAY},
   MRCLASS = {58D20 (35Q30 35R60 60H99 76C05 76D05)},
  MRNUMBER = {1051499 (91j:58030)},
MRREVIEWER = {Yu. E. Gliklikh},
}

@article {MR2060312,
    AUTHOR = {Albeverio, S. and Ferrario, B.},
     TITLE = {Uniqueness of solutions of the stochastic {N}avier-{S}tokes
              equation with invariant measure given by the enstrophy},
   JOURNAL = {Ann. Probab.},
  FJOURNAL = {The Annals of Probability},
    VOLUME = {32},
      YEAR = {2004},
    NUMBER = {2},
     PAGES = {1632--1649},
      ISSN = {0091-1798},
     CODEN = {APBYAE},
   MRCLASS = {60H15 (35Q30 35R60 60G17 76D03 76D05 76M35)},
  MRNUMBER = {2060312 (2005b:60151)},
MRREVIEWER = {Isamu D{\^o}ku},
}

@article {Funaki,
    AUTHOR = {Funaki, Tadahisa},
     TITLE = {A stochastic partial differential equation with values in a
              manifold},
   JOURNAL = {J. Funct. Anal.},
  FJOURNAL = {Journal of Functional Analysis},
    VOLUME = {109},
      YEAR = {1992},
    NUMBER = {2},
     PAGES = {257--288},
      ISSN = {0022-1236},
     CODEN = {JFUAAW},
   MRCLASS = {58G32 (60H15)},
  MRNUMBER = {1186323 (93m:58124)},
MRREVIEWER = {H{\'e}l{\`e}ne Airault},
}

@article {MR2504877,
    AUTHOR = {Bonfiglioli, Andrea},
     TITLE = {Taylor formula for homogeneous groups and applications},
   JOURNAL = {Math. Z.},
  FJOURNAL = {Mathematische Zeitschrift},
    VOLUME = {262},
      YEAR = {2009},
    NUMBER = {2},
     PAGES = {255--279},
      ISSN = {0025-5874},
     CODEN = {MAZEAX},
   MRCLASS = {43A80 (26E05 41A10 41A80)},
  MRNUMBER = {2504877 (2010f:43014)},
MRREVIEWER = {Gerald B. Folland},
}

@article {MR1743612,
    AUTHOR = {Chan, Terence},
     TITLE = {Scaling limits of {W}ick ordered {KPZ} equation},
   JOURNAL = {Comm. Math. Phys.},
  FJOURNAL = {Communications in Mathematical Physics},
    VOLUME = {209},
      YEAR = {2000},
    NUMBER = {3},
     PAGES = {671--690},
      ISSN = {0010-3616},
     CODEN = {CMPHAY},
   MRCLASS = {60H40 (60H15 60K40 82C27)},
  MRNUMBER = {MR1743612 (2001f:60072)},
MRREVIEWER = {Giambattista Giacomin},
}


@incollection {MR1160391,
    AUTHOR = {Hida, T. and Potthoff, J.},
     TITLE = {White noise analysis---an overview},
 BOOKTITLE = {White noise analysis ({B}ielefeld, 1989)},
     PAGES = {140--165},
 PUBLISHER = {World Sci. Publ., River Edge, NJ},
      YEAR = {1990},
   MRCLASS = {60G20 (46F25 60H99 60J30)},
  MRNUMBER = {1160391 (93g:60081)},
MRREVIEWER = {Jan Ub{\o}e},
}

@article{EtienneCLT,
   title={Fluctuations Around a Homogenised Semilinear Random {PDE}},
   volume={239},
   ISSN={1432-0673},
   url={http://dx.doi.org/10.1007/s00205-020-01574-8},
   DOI={10.1007/s00205-020-01574-8},
   number={1},
   JOURNAL = {Arch. Rational Mech. Anal.},
  FJOURNAL = {Archive for Rational Mechanics and Analysis},
   publisher={Springer Science and Business Media LLC},
   author={Hairer, Martin and Pardoux, {\'E}tienne},
   year={2020},
   eprint = {1911.02865},
   month={Oct},
   pages={151–217}
}

@article {MateBoundary,
    AUTHOR = {Gerencs\'{e}r, M\'{a}t\'{e} and Hairer, Martin},
     TITLE = {Singular {SPDE}s in domains with boundaries},
   JOURNAL = {Probab. Theory Related Fields},
  FJOURNAL = {Probability Theory and Related Fields},
    VOLUME = {173},
      YEAR = {2019},
    NUMBER = {3-4},
     PAGES = {697--758},
      ISSN = {0178-8051},
   MRCLASS = {60H17 (35K59 35K67 35R60 60L30)},
  MRNUMBER = {3936145},
MRREVIEWER = {Torstein K. Nilssen},
       DOI = {10.1007/s00440-018-0841-1},
       URL = {https://doi.org/10.1007/s00440-018-0841-1},
}

@article{hairer74,
	Author = {Hairer, E. and Wanner, G.},
	Journal = {Computing (Arch. Elektron. Rechnen)},
	Mrclass = {65L05},
	Mrnumber = {0403225 (53 \#7037)},
	Mrreviewer = {J. C. Butcher},
	Number = {1},
	Pages = {1--15},
	Title = {On the {B}utcher group and general multi-value methods},
	Volume = {13},
	Year = {1974}
}

@article {MR2451056,
    AUTHOR = {Iftimie, Bogdan and Pardoux, {\'E}tienne and Piatnitski,
              Andrey},
     TITLE = {Homogenization of a singular random one-dimensional {PDE}},
   JOURNAL = {Ann. Inst. Henri Poincar\'e Probab. Stat.},
  FJOURNAL = {Annales de l'Institut Henri Poincar\'e Probabilit\'es et
              Statistiques},
    VOLUME = {44},
      YEAR = {2008},
    NUMBER = {3},
     PAGES = {519--543},
      ISSN = {0246-0203},
   MRCLASS = {35B27 (35K15 60H15)},
  MRNUMBER = {2451056 (2010e:35028)},
MRREVIEWER = {Marco Veneroni},
}

@Article{KPZOrig,
  title = {Dynamic Scaling of Growing Interfaces},
  author = {Kardar, Mehran  and Parisi, Giorgio  and Zhang, Yi-Cheng },
  journal = {Phys. Rev. Lett.},
  volume = {56},
  number = {9},
  pages = {889--892},
  numpages = {3},
  year = {1986},
  month = {Mar},
  publisher = {American Physical Society}
}

@article {ParisiWu,
    AUTHOR = {Parisi, G. and Wu, Yong Shi},
     TITLE = {Perturbation theory without gauge fixing},
   JOURNAL = {Sci. Sinica},
  FJOURNAL = {Scientia Sinica. Zhongguo Kexue},
    VOLUME = {24},
      YEAR = {1981},
    NUMBER = {4},
     PAGES = {483--496},
      ISSN = {0582-236X},
      doi = {10.1360/ya1981-24-4-483},
     CODEN = {SSINAV},
   MRCLASS = {81E99},
  MRNUMBER = {626795 (82k:81075)},
}

@article {AlbRock91,
    AUTHOR = {Albeverio, S. and R{\"o}ckner, M.},
     TITLE = {Stochastic differential equations in infinite dimensions:
              solutions via {D}irichlet forms},
   JOURNAL = {Probab. Theory Related Fields},
  FJOURNAL = {Probability Theory and Related Fields},
    VOLUME = {89},
      YEAR = {1991},
    NUMBER = {3},
     PAGES = {347--386},
      ISSN = {0178-8051},
     CODEN = {PTRFEU},
   MRCLASS = {60H10 (34F05 34G99)},
  MRNUMBER = {1113223 (92k:60123)},
MRREVIEWER = {T. J. Lyons},
       DOI = {10.1007/BF01198791},
}


@article {MR2214506,
    AUTHOR = {Albeverio, Sergio and Liang, Song and Zegarlinski, Boguslav},
     TITLE = {Remark on the integration by parts formula for the {$\phi^4_3$}-quantum field model},
   JOURNAL = {Infin. Dimens. Anal. Quantum Probab. Relat. Top.},
  FJOURNAL = {Infinite Dimensional Analysis, Quantum Probability and Related
              Topics},
    VOLUME = {9},
      YEAR = {2006},
    NUMBER = {1},
     PAGES = {149--154},
      ISSN = {0219-0257},
   MRCLASS = {81T08 (46N50)},
  MRNUMBER = {2214506 (2007g:81072)},
MRREVIEWER = {Shigeaki Nagamachi},
       DOI = {10.1142/S0219025706002275},
}

@book {MR2571742,
    AUTHOR = {Holden, Helge and {\O}ksendal, Bernt and Ub{\o}e, Jan and
              Zhang, Tusheng},
     TITLE = {Stochastic partial differential equations},
    SERIES = {Universitext},
   EDITION = {Second},
      NOTE = {A modeling, white noise functional approach},
 PUBLISHER = {Springer},
   ADDRESS = {New York},
      YEAR = {2010},
     PAGES = {xvi+305},
      ISBN = {978-0-387-89487-4},
   MRCLASS = {60H15 (60H10 60H40)},
  MRNUMBER = {2571742 (2011c:60201)},
}

@article {ZhuZhu,
    AUTHOR = {Zhu, Rongchan and Zhu, Xiangchan},
     TITLE = {Three-dimensional {N}avier-{S}tokes equations driven by
              space-time white noise},
   JOURNAL = {J. Differential Equations},
  FJOURNAL = {Journal of Differential Equations},
    VOLUME = {259},
      YEAR = {2015},
    NUMBER = {9},
     PAGES = {4443--4508},
      ISSN = {0022-0396},
   MRCLASS = {60H15 (35Q30 35R60 35S50 81S20 82C28)},
  MRNUMBER = {3373412},
MRREVIEWER = {Dirk Bl\~A\P mker},
       DOI = {10.1016/j.jde.2015.06.002},
      eprint = {1406.0047},
}

@article {HaoSG,
    AUTHOR = {Hairer, Martin and Shen, Hao},
     TITLE = {The dynamical sine-{G}ordon model},
   JOURNAL = {Comm. Math. Phys.},
  FJOURNAL = {Communications in Mathematical Physics},
    VOLUME = {341},
      YEAR = {2016},
    NUMBER = {3},
     PAGES = {933--989},
      ISSN = {0010-3616},
   MRCLASS = {60H15 (35K58 35R60 37H10)},
  MRNUMBER = {3452276},
MRREVIEWER = {Dirk Bl\~A\P mker},
       DOI = {10.1007/s00220-015-2525-3},
eprint = {1409.5724 },
}

@article {MR1941997,
    AUTHOR = {Da Prato, Giuseppe and Debussche, Arnaud},
     TITLE = {Two-dimensional {N}avier-{S}tokes equations driven by a
              space-time white noise},
   JOURNAL = {J. Funct. Anal.},
  FJOURNAL = {Journal of Functional Analysis},
    VOLUME = {196},
      YEAR = {2002},
    NUMBER = {1},
     PAGES = {180--210},
      ISSN = {0022-1236},
     CODEN = {JFUAAW},
   MRCLASS = {35Q30 (35R60 60H40 76D05 76M35)},
  MRNUMBER = {1941997 (2003h:35198)},
MRREVIEWER = {Peter E. Kloeden},
       DOI = {10.1006/jfan.2002.3919},
}

@article {MR2365646,
    AUTHOR = {Da Prato, Giuseppe and Debussche, Arnaud and Tubaro, Luciano},
     TITLE = {A modified {K}ardar-{P}arisi-{Z}hang model},
   JOURNAL = {Electron. Comm. Probab.},
  FJOURNAL = {Electronic Communications in Probability},
    VOLUME = {12},
      YEAR = {2007},
     PAGES = {442--453 (electronic)},
      ISSN = {1083-589X},
   MRCLASS = {60H15 (82C31)},
  MRNUMBER = {MR2365646 (2008k:60147)},
MRREVIEWER = {Vivek S. Borkar},
}

@article {MR0378670,
    AUTHOR = {Guerra, F. and Rosen, L. and Simon, B.},
     TITLE = {The {${\bf P}(\phi)_{2}$} {E}uclidean quantum field theory
              as classical statistical mechanics. {I}, {II}},
   JOURNAL = {Ann. of Math. (2)},
  FJOURNAL = {Annals of Mathematics. Second Series},
    VOLUME = {101},
      YEAR = {1975},
     PAGES = {111--189; ibid. (2) 101\ (1975), 191--259},
      ISSN = {0003-486X},
   MRCLASS = {82.46 (81.46)},
  MRNUMBER = {0378670 (51 \#14836)},
MRREVIEWER = {R. A. Minlos},
}


@book{reutenauer93,
	Address = {New York},
	Author = {Reutenauer, C.},
	Date-Added = {2012-03-27 21:43:15 +0000},
	Date-Modified = {2012-06-13 16:06:02 +0000},
	Isbn = {0-19-853679-8},
	Mrclass = {17-02 (05-02 17B05)},
	Mrnumber = {1231799 (94j:17002)},
	Mrreviewer = {Hartmut Laue},
	Note = {Oxford Science Publications},
	Pages = {xviii+269},
	Publisher = {The Clarendon Press Oxford University Press},
	Series = {London Mathematical Society Monographs. New Series},
	Title = {Free {L}ie algebras},
	Volume = {7},
	Year = {1993},
	Bdsk-Url-1 = {http://www.ams.org/mathscinet-getitem?mr=1231799}}

@article {MR0305608,
    AUTHOR = {Butcher, J. C.},
     TITLE = {An algebraic theory of integration methods},
   JOURNAL = {Math. Comp.},
  FJOURNAL = {Mathematics of Computation},
    VOLUME = {26},
      YEAR = {1972},
     PAGES = {79--106},
      ISSN = {0025-5718},
   MRCLASS = {65L99},
  MRNUMBER = {0305608 (46 \#4738)},
MRREVIEWER = {D. B. Hunter},
}
	
@article {MR1459795,
    AUTHOR = {Simon, Leon},
     TITLE = {Schauder estimates by scaling},
   JOURNAL = {Calc. Var. Partial Differential Equations},
  FJOURNAL = {Calculus of Variations and Partial Differential Equations},
    VOLUME = {5},
      YEAR = {1997},
    NUMBER = {5},
     PAGES = {391--407},
      ISSN = {0944-2669},
   MRCLASS = {35H05 (35B45 35E20 35S15)},
  MRNUMBER = {1459795 (98f:35027)},
MRREVIEWER = {Qing Yi Chen},
       DOI = {10.1007/s005260050072},
}

@article {CK2,
    AUTHOR = {Connes, Alain and Kreimer, Dirk},
     TITLE = {Renormalization in quantum field theory and the
              {R}iemann-{H}ilbert problem. {II}. {T}he {$\beta$}-function,
              diffeomorphisms and the renormalization group},
   JOURNAL = {Comm. Math. Phys.},
  FJOURNAL = {Communications in Mathematical Physics},
    VOLUME = {216},
      YEAR = {2001},
    NUMBER = {1},
     PAGES = {215--241},
      ISSN = {0010-3616},
     CODEN = {CMPHAY},
   MRCLASS = {81T15 (16W30 34M50 81T18)},
  MRNUMBER = {1810779 (2002f:81071)},
}
@article {CK,
    AUTHOR = {Connes, Alain and Kreimer, Dirk},
     TITLE = {Renormalization in quantum field theory and the
              {R}iemann-{H}ilbert problem. {I}. {T}he {H}opf algebra
              structure of graphs and the main theorem},
   JOURNAL = {Comm. Math. Phys.},
  FJOURNAL = {Communications in Mathematical Physics},
    VOLUME = {210},
      YEAR = {2000},
    NUMBER = {1},
     PAGES = {249--273},
      ISSN = {0010-3616},
     CODEN = {CMPHAY},
   MRCLASS = {81T15 (16W30 34M50 81T18)},
  MRNUMBER = {1748177 (2002f:81070)},
       DOI = {10.1007/s002200050779},
}

@article {Trees,
    AUTHOR = {Gubinelli, Massimiliano},
     TITLE = {Ramification of rough paths},
   JOURNAL = {J. Differential Equations},
  FJOURNAL = {Journal of Differential Equations},
    VOLUME = {248},
      YEAR = {2010},
    NUMBER = {4},
     PAGES = {693--721},
      ISSN = {0022-0396},
     CODEN = {JDEQAK},
   MRCLASS = {60H99 (16T30 65L99)},
  MRNUMBER = {2578445 (2011c:60228)},
MRREVIEWER = {Antoine J. Lejay},
       DOI = {10.1016/j.jde.2009.11.015},
       URL = {http://dx.doi.org/10.1016/j.jde.2009.11.015},
}

@article {MR0214646,
    AUTHOR = {Sweedler, Moss E.},
     TITLE = {Cocommutative {H}opf algebras with antipode},
   JOURNAL = {Bull. Amer. Math. Soc.},
  FJOURNAL = {Bulletin of the American Mathematical Society},
    VOLUME = {73},
      YEAR = {1967},
     PAGES = {126--128},
      ISSN = {0002-9904},
   MRCLASS = {18.20 (16.00)},
  MRNUMBER = {0214646 (35 \#5495)},
MRREVIEWER = {W. D. Barcus},
}

@article {MR0174052,
    AUTHOR = {Milnor, John W. and Moore, John C.},
     TITLE = {On the structure of {H}opf algebras},
   JOURNAL = {Ann. of Math. (2)},
  FJOURNAL = {Annals of Mathematics. Second Series},
    VOLUME = {81},
      YEAR = {1965},
     PAGES = {211--264},
      ISSN = {0003-486X},
   MRCLASS = {55.40 (55.34)},
  MRNUMBER = {0174052 (30 \#4259)},
MRREVIEWER = {I. M. James},
}

@article {MR1185878,
    AUTHOR = {Carmona, Ren{\'e} A. and Molchanov, S. A.},
     TITLE = {Parabolic {A}nderson problem and intermittency},
   JOURNAL = {Mem. Amer. Math. Soc.},
  FJOURNAL = {Memoirs of the American Mathematical Society},
    VOLUME = {108},
      YEAR = {1994},
    NUMBER = {518},
     PAGES = {viii+125},
      ISSN = {0065-9266},
     CODEN = {MAMCAU},
   MRCLASS = {35K10 (35-02 35R60 60H25 82B44 82C44)},
  MRNUMBER = {1185878 (94h:35080)},
MRREVIEWER = {Stanis{\l}aw W{\polhk{e}}drychowicz},
}

@ARTICLE{HuNualart,
   author = {{Hu}, Y. and {Huang}, J. and {L{\^e}}, K. and {Nualart}, D. and 
	{Tindel}, S.},
    title = "{Stochastic heat equation with rough dependence in space}",
  journal = {ArXiv e-prints},
archivePrefix = "arXiv",
   eprint = {1505.04924},
 primaryClass = "math.PR",
 keywords = {Mathematics - Probability},
     year = 2015,
    month = may,
   adsurl = {http://adsabs.harvard.edu/abs/2015arXiv150504924H},
  adsnote = {Provided by the SAO/NASA Astrophysics Data System},
  note={To appear in Ann. Probab.}
}

@Article{Hoshino2016,
author="Hoshino, Masato",
title="{KPZ} equation with fractional derivatives of white noise",
   JOURNAL = {Stoch. Partial Differ. Equ. Anal. Comput.},
  FJOURNAL = {Stochastic Partial Differential Equations. Analysis and
              Computations},
year="2016",
pages="1--64",
eprint ={1602.04570},
doi="10.1007/s40072-016-0078-x",
url="http://dx.doi.org/10.1007/s40072-016-0078-x"
}

@article {MR1883719,
    AUTHOR = {Coutin, Laure and Qian, Zhongmin},
     TITLE = {Stochastic analysis, rough path analysis and fractional
              {B}rownian motions},
   JOURNAL = {Probab. Theory Related Fields},
  FJOURNAL = {Probability Theory and Related Fields},
    VOLUME = {122},
      YEAR = {2002},
    NUMBER = {1},
     PAGES = {108--140},
      ISSN = {0178-8051},
     CODEN = {PTRFEU},
   MRCLASS = {60G15 (60D05 60H05)},
  MRNUMBER = {1883719 (2003c:60066)},
MRREVIEWER = {J. H{\"u}sler},
       DOI = {10.1007/s004400100158},
       URL = {http://dx.doi.org/10.1007/s004400100158},
}

@article {MR2667703,
    AUTHOR = {Friz, Peter and Victoir, Nicolas},
     TITLE = {Differential equations driven by {G}aussian signals},
   JOURNAL = {Ann. Inst. Henri Poincar\'e Probab. Stat.},
  FJOURNAL = {Annales de l'Institut Henri Poincar\'e Probabilit\'es et
              Statistiques},
    VOLUME = {46},
      YEAR = {2010},
    NUMBER = {2},
     PAGES = {369--413},
     eprint = {0707.0313},
      ISSN = {0246-0203},
   MRCLASS = {60G15 (60H99)},
  MRNUMBER = {2667703 (2011g:60067)},
MRREVIEWER = {Somanath Bagh},
       DOI = {10.1214/09-AIHP202},
       URL = {http://dx.doi.org/10.1214/09-AIHP202},
}

@article {MR1185639,
    AUTHOR = {Allaire, Gr{\'e}goire},
     TITLE = {Homogenization and two-scale convergence},
   JOURNAL = {SIAM J. Math. Anal.},
  FJOURNAL = {SIAM Journal on Mathematical Analysis},
    VOLUME = {23},
      YEAR = {1992},
    NUMBER = {6},
     PAGES = {1482--1518},
      ISSN = {0036-1410},
     CODEN = {SJMAAH},
   MRCLASS = {35B27 (35B40 73B27)},
  MRNUMBER = {1185639 (93k:35022)},
MRREVIEWER = {Maria Luisa Mascarenhas},
       DOI = {10.1137/0523084},
       URL = {http://dx.doi.org/10.1137/0523084},
}

@article {MR2261056,
    AUTHOR = {Feyel, Denis and de La Pradelle, Arnaud},
     TITLE = {Curvilinear integrals along enriched paths},
   JOURNAL = {Electron. J. Probab.},
  FJOURNAL = {Electronic Journal of Probability},
    VOLUME = {11},
      YEAR = {2006},
     PAGES = {no. 34, 860--892 (electronic)},
      ISSN = {1083-6489},
   MRCLASS = {60G17 (60G15 60H10)},
  MRNUMBER = {2261056 (2007k:60112)},
MRREVIEWER = {Hong Xue},
}

@article {MR592103,
    AUTHOR = {Knerr, Barry F.},
     TITLE = {Parabolic interior {S}chauder estimates by the maximum
              principle},
   JOURNAL = {Arch. Rational Mech. Anal.},
  FJOURNAL = {Archive for Rational Mechanics and Analysis},
    VOLUME = {75},
      YEAR = {1980/81},
    NUMBER = {1},
     PAGES = {51--58},
      ISSN = {0003-9527},
     CODEN = {AVRMAW},
   MRCLASS = {35K15 (35B45)},
  MRNUMBER = {592103 (82f:35090)},
MRREVIEWER = {J. Ka{\v{c}}ur},
       DOI = {10.1007/BF00284620},
       URL = {http://dx.doi.org/10.1007/BF00284620},
}

@book {MR2100936,
    AUTHOR = {Pinsky, Mark A.},
     TITLE = {Introduction to {F}ourier analysis and wavelets},
    SERIES = {Brooks/Cole Series in Advanced Mathematics},
 PUBLISHER = {Brooks/Cole},
   ADDRESS = {Pacific Grove, CA},
      YEAR = {2002},
     PAGES = {xviii+376},
      ISBN = {0-534-37660-6},
   MRCLASS = {42-02 (42C40)},
  MRNUMBER = {2100936 (2005e:42002)},
}

@article {Young,
    AUTHOR = {Young, L. C.},
     TITLE = {An inequality of the {H}\"older type, connected with
              {S}tieltjes integration},
   JOURNAL = {Acta Math.},
  FJOURNAL = {Acta Mathematica},
    VOLUME = {67},
      YEAR = {1936},
    NUMBER = {1},
     PAGES = {251--282},
      ISSN = {0001-5962},
     CODEN = {ACMAA8},
   MRCLASS = {Contributed Item},
  MRNUMBER = {MR1555421},
}

@book {FV10,
    AUTHOR = {Friz, Peter K. and Victoir, Nicolas B.},
     TITLE = {Multidimensional stochastic processes as rough paths: Theory and applications},
    SERIES = {Cambridge Studies in Advanced Mathematics},
    VOLUME = {120},
 PUBLISHER = {Cambridge University Press},
   ADDRESS = {Cambridge},
      YEAR = {2010},
     PAGES = {xiv+656},
      ISBN = {978-0-521-87607-0},
   MRCLASS = {60G17 (46N30 60F10 60H07 60H10 60H30)},
  MRNUMBER = {2604669},
}

@book {MR2314753,
    AUTHOR = {Lyons, Terry J. and Caruana, Michael and L{\'e}vy, Thierry},
     TITLE = {Differential equations driven by rough paths},
    SERIES = {Lecture Notes in Mathematics},
    VOLUME = {1908},
      NOTE = {Lectures from the 34th Summer School on Probability Theory
              held in Saint-Flour, July 6--24, 2004,
              With an introduction concerning the Summer School by Jean
              Picard},
 PUBLISHER = {Springer},
   ADDRESS = {Berlin},
      YEAR = {2007},
     PAGES = {xviii+109},
      ISBN = {978-3-540-71284-8; 3-540-71284-4},
   MRCLASS = {60H10 (60-02 60H07)},
  MRNUMBER = {2314753 (2009c:60156)},
MRREVIEWER = {Bohdan Maslowski},
}
@book {MR1162107,
    AUTHOR = {Daubechies, Ingrid},
     TITLE = {Ten lectures on wavelets},
    SERIES = {CBMS-NSF Regional Conference Series in Applied Mathematics},
    VOLUME = {61},
 PUBLISHER = {Society for Industrial and Applied Mathematics (SIAM)},
   ADDRESS = {Philadelphia, PA},
      YEAR = {1992},
     PAGES = {xx+357},
      ISBN = {0-89871-274-2},
   MRCLASS = {42C15 (94A12)},
  MRNUMBER = {1162107 (93e:42045)},
MRREVIEWER = {Albert Cohen},
}

@article {MR951745,
    AUTHOR = {Daubechies, Ingrid},
     TITLE = {Orthonormal bases of compactly supported wavelets},
   JOURNAL = {Comm. Pure Appl. Math.},
  FJOURNAL = {Communications on Pure and Applied Mathematics},
    VOLUME = {41},
      YEAR = {1988},
    NUMBER = {7},
     PAGES = {909--996},
      ISSN = {0010-3640},
     CODEN = {CPAMA},
   MRCLASS = {42C15 (92A25)},
  MRNUMBER = {951745 (90m:42039)},
MRREVIEWER = {Hans G. Feichtinger},
       DOI = {10.1002/cpa.3160410705},
       URL = {http://dx.doi.org/10.1002/cpa.3160410705},
}
	
	
@book {MR1228209,
    AUTHOR = {Meyer, Yves},
     TITLE = {Wavelets and operators},
    SERIES = {Cambridge Studies in Advanced Mathematics},
    VOLUME = {37},
      NOTE = {Translated from the 1990 French original by D. H. Salinger},
 PUBLISHER = {Cambridge University Press},
   ADDRESS = {Cambridge},
      YEAR = {1992},
     PAGES = {xvi+224},
      ISBN = {0-521-42000-8; 0-521-45869-2},
   MRCLASS = {42-02 (42C15 46E30 47G99)},
  MRNUMBER = {1228209 (94f:42001)},
}

@book {MR2455724,
    AUTHOR = {Triebel, Hans},
     TITLE = {Function spaces and wavelets on domains},
    SERIES = {EMS Tracts in Mathematics},
    VOLUME = {7},
 PUBLISHER = {European Mathematical Society (EMS), Z\"urich},
      YEAR = {2008},
     PAGES = {x+256},
      ISBN = {978-3-03719-019-7},
   MRCLASS = {46E35 (42-02 42B35 42C40 46B15)},
  MRNUMBER = {2455724 (2010b:46078)},
MRREVIEWER = {Gerald B. Folland},
       DOI = {10.4171/019},
       URL = {http://dx.doi.org/10.4171/019},
}

@book{MeyerQuantum,
publisher = {Springer-Verlag},
series = {Lecture notes in mathematics ; 1538},
title = {Quantum probability for probabilists },
year = {1995},
author = {Meyer, Paul-André.},
address = {Berlin ;},
booktitle = {Quantum probability for probabilists},
edition = {2nd ed.},
isbn = {3540564764},
keywords = {Probabilities},
language = {eng},
lccn = {92045826},
}

@article {MR0073174,
    AUTHOR = {Chen, Kuo-Tsai},
     TITLE = {Iterated integrals and exponential homomorphisms},
   JOURNAL = {Proc. London Math. Soc. (3)},
  FJOURNAL = {Proceedings of the London Mathematical Society. Third Series},
    VOLUME = {4},
      YEAR = {1954},
     PAGES = {502--512},
      ISSN = {0024-6115},
   MRCLASS = {55.0X},
  MRNUMBER = {0073174 (17,394g)},
MRREVIEWER = {R. H. Fox},
}

@book {MR1231799,
    AUTHOR = {Reutenauer, Christophe},
     TITLE = {Free {L}ie algebras},
    SERIES = {London Mathematical Society Monographs. New Series},
    VOLUME = {7},
      NOTE = {Oxford Science Publications},
 PUBLISHER = {The Clarendon Press Oxford University Press},
   ADDRESS = {New York},
      YEAR = {1993},
     PAGES = {xviii+269},
      ISBN = {0-19-853679-8},
   MRCLASS = {17-02 (05-02 17B05)},
  MRNUMBER = {1231799 (94j:17002)},
MRREVIEWER = {Hartmut Laue},
}

@article {MR1895059,
    AUTHOR = {Coffey, Mark A. and Etter, Delores M.},
     TITLE = {Multiresolution analysis on bounded domains for the design of
              biorthogonal wavelet bases},
   JOURNAL = {IEEE Trans. Signal Process.},
  FJOURNAL = {IEEE Transactions on Signal Processing},
    VOLUME = {50},
      YEAR = {2002},
    NUMBER = {3},
     PAGES = {509--519},
      ISSN = {1053-587X},
     CODEN = {ITPRED},
   MRCLASS = {42C40 (94A08 94A12)},
  MRNUMBER = {1895059 (2003c:42034)},
MRREVIEWER = {Tian-Xiao He},
       DOI = {10.1109/78.984725},
       URL = {http://dx.doi.org/10.1109/78.984725},
}
	
@book {Bogachev,
    AUTHOR = {Bogachev, Vladimir I.},
     TITLE = {Gaussian measures},
    SERIES = {Mathematical Surveys and Monographs},
    VOLUME = {62},
 PUBLISHER = {American Mathematical Society},
   ADDRESS = {Providence, RI},
      YEAR = {1998},
     PAGES = {xii+433},
      ISBN = {0-8218-1054-5},
   MRCLASS = {60B11 (28C20 46G12 60G15 60H07)},
  MRNUMBER = {1642391 (2000a:60004)},
MRREVIEWER = {Eddy Mayer-Wolf},
}
@book {Bogachev07,
    AUTHOR = {Bogachev, V. I.},
     TITLE = {Measure theory. {V}ol. {I}, {II}},
 PUBLISHER = {Springer-Verlag, Berlin},
      YEAR = {2007},
     PAGES = {Vol. I: xviii+500 pp., Vol. II: xiv+575},
      ISBN = {978-3-540-34513-8; 3-540-34513-2},
   MRCLASS = {28-02 (28Axx 28Cxx 46G12 60G42 60G44)},
  MRNUMBER = {2267655},
MRREVIEWER = {Ren\'e L. Schilling},
       DOI = {10.1007/978-3-540-34514-5},
       URL = {https://doi.org/10.1007/978-3-540-34514-5},
}
@article {MR2889659,
    AUTHOR = {Magnen, Jacques and Unterberger, J{\'e}r{\'e}mie},
     TITLE = {From constructive field theory to fractional stochastic
              calculus. ({II}) {C}onstructive proof of convergence for the
              {L}\'evy area of fractional {B}rownian motion with {H}urst
              index {$\alpha\in(\frac 18,\frac 14)$}},
   JOURNAL = {Ann. Henri Poincar\'e},
  FJOURNAL = {Annales Henri Poincar\'e. A Journal of Theoretical and
              Mathematical Physics},
    VOLUME = {13},
      YEAR = {2012},
    NUMBER = {2},
     eprint = {1103.1750},
     PAGES = {209--270},
      ISSN = {1424-0637},
   MRCLASS = {81T08 (60G15 60G22 81S25)},
  MRNUMBER = {2889659},
MRREVIEWER = {Zhituo Wang},
       DOI = {10.1007/s00023-011-0119-y},
       URL = {http://0-dx.doi.org.pugwash.lib.warwick.ac.uk/10.1007/s00023-011-0119-y},
}
		
@article {MR2823213,
    AUTHOR = {Magnen, Jacques and Unterberger, J{\'e}r{\'e}mie},
     TITLE = {From constructive field theory to fractional stochastic
              calculus. ({I}) {A}n introduction: rough path theory and
              perturbative heuristics},
   JOURNAL = {Ann. Henri Poincar\'e},
  FJOURNAL = {Annales Henri Poincar\'e. A Journal of Theoretical and
              Mathematical Physics},
    VOLUME = {12},
      YEAR = {2011},
    NUMBER = {6},
    eprint = {1012.3873},
     PAGES = {1199--1226},
      ISSN = {1424-0637},
   MRCLASS = {81T08 (60G17 60G22 60H05 81T17)},
  MRNUMBER = {2823213},
MRREVIEWER = {Zhituo Wang},
       DOI = {10.1007/s00023-011-0106-3},
       URL = {http://0-dx.doi.org.pugwash.lib.warwick.ac.uk/10.1007/s00023-011-0106-3},
}

@article {Unterberger,
    AUTHOR = {Unterberger, J{\'e}r{\'e}mie},
     TITLE = {H\"older-continuous rough paths by {F}ourier normal ordering},
   JOURNAL = {Comm. Math. Phys.},
  FJOURNAL = {Communications in Mathematical Physics},
    VOLUME = {298},
      YEAR = {2010},
    NUMBER = {1},
     PAGES = {1--36},
      ISSN = {0010-3616},
     CODEN = {CMPHAY},
   MRCLASS = {60G22 (42A45 60G17)},
  MRNUMBER = {2657813 (2011i:60071)},
MRREVIEWER = {Antoine J. Lejay},
       DOI = {10.1007/s00220-010-1064-1},
}
@article {Extension,
    AUTHOR = {Lyons, Terry and Victoir, Nicolas},
     TITLE = {An extension theorem to rough paths},
   JOURNAL = {Ann. Inst. H. Poincar\'e Anal. Non Lin\'eaire},
  FJOURNAL = {Annales de l'Institut Henri Poincar\'e. Analyse Non
              Lin\'eaire},
    VOLUME = {24},
      YEAR = {2007},
    NUMBER = {5},
     PAGES = {835--847},
      ISSN = {0294-1449},
   MRCLASS = {60H10 (60H07)},
  MRNUMBER = {2348055 (2008h:60229)},
MRREVIEWER = {Antoine J. Lejay},
       DOI = {10.1016/j.anihpc.2006.07.004},
}

@ARTICLE{Geometric,
   author = {Friz, P. and Victoir, N.},
   title = {A note on the notion of geometric rough path},
   JOURNAL = {Probab. Theory Related Fields},
  FJOURNAL = {Probability Theory and Related Fields},
    VOLUME = {136},
      YEAR = {2006},
    NUMBER = {1},
     PAGES = {395--416},
}

@book {Sweedler,
    AUTHOR = {Sweedler, Moss E.},
     TITLE = {Hopf algebras},
    SERIES = {Mathematics Lecture Note Series},
 PUBLISHER = {W. A. Benjamin, Inc., New York},
      YEAR = {1969},
     PAGES = {vii+336},
   MRCLASS = {18.20 (16.00)},
  MRNUMBER = {0252485 (40 \#5705)},
MRREVIEWER = {K.-T. Chen},
}

@article {Hendrik,
   author = {Hairer, Martin and Weber, Hendrik},
   title = {Rough {B}urgers-like equations with multiplicative noise},
   JOURNAL = {Probab. Theory Related Fields},
   fjournal = {Probability Theory and Related Fields},
   publisher = {Springer Berlin / Heidelberg},
   issn = {0178-8051},
   keyword = {Mathematics and Statistics},
   pages = {1-56},
   YEAR = {2013},
}

@article {MR2875759,
    AUTHOR = {Hairer, Martin},
     TITLE = {Singular perturbations to semilinear stochastic heat
              equations},
   JOURNAL = {Probab. Theory Related Fields},
  FJOURNAL = {Probability Theory and Related Fields},
    VOLUME = {152},
      YEAR = {2012},
    NUMBER = {1-2},
     PAGES = {265--297},
      ISSN = {0178-8051},
     CODEN = {PTRFEU},
   MRCLASS = {60H15 (60H30)},
  MRNUMBER = {2875759},
}

@ARTICLE{JanHendrik,
   author = {{Hairer}, M. and {Maas}, J. and {Weber}, H.},
    title = "{Approximating rough stochastic PDEs}",
  journal = {ArXiv e-prints},
archivePrefix = "arXiv",
   eprint = {1202.3094},
 primaryClass = "math.PR",
 keywords = {Mathematics - Probability, Mathematics - Analysis of PDEs, Mathematics - Numerical Analysis, 60H15, 65M12},
     year = 2012,
    month = feb,
   adsurl = {http://adsabs.harvard.edu/abs/2012arXiv1202.3094H},
  adsnote = {Provided by the SAO/NASA Astrophysics Data System}
}


@ARTICLE{MourratWeber,
   author = {Mourrat, Jean-Christophe and Weber, Hendrik},
    title = "{Convergence of the two-dimensional dynamic Ising-Kac model to} $\Phi^4_2$",
  journal = {ArXiv e-prints},
archivePrefix = "arXiv",
   eprint = {1410.1179},
     year = 2014,
    month = oct,
}


@article {twoscale,
    AUTHOR = {Allaire, Gr{\'e}goire},
     TITLE = {Homogenization and two-scale convergence},
   JOURNAL = {SIAM J. Math. Anal.},
  FJOURNAL = {SIAM Journal on Mathematical Analysis},
    VOLUME = {23},
      YEAR = {1992},
    NUMBER = {6},
     PAGES = {1482--1518},
      ISSN = {0036-1410},
     CODEN = {SJMAAH},
   MRCLASS = {35B27 (35B40 73B27)},
  MRNUMBER = {1185639 (93k:35022)},
MRREVIEWER = {Maria Luisa Mascarenhas},
}


@article{BurgersRough,
	Author = {Hairer, Martin},
	Fjournal = {Communications on Pure and Applied Mathematics},
	Journal = {Comm. Pure Appl. Math.},
	Number = {11},
	Pages = {1547--1585},
	Title = {Rough stochastic {PDE}s},
	Volume = {64},
	Year = {2011}
}

@article {TerryPath,
    AUTHOR = {Lyons, Terry},
     TITLE = {On the nonexistence of path integrals},
   JOURNAL = {Proc. Roy. Soc. London Ser. A},
  FJOURNAL = {Proceedings of the Royal Society. London. Series A.
              Mathematical, Physical and Engineering Sciences},
    VOLUME = {432},
      YEAR = {1991},
    NUMBER = {1885},
     PAGES = {281--290},
      ISSN = {0962-8444},
     CODEN = {PRLAAZ},
   MRCLASS = {60H05},
  MRNUMBER = {1116958 (92j:60069)},
MRREVIEWER = {Kiyosi It{\^o}},
}

@article {MR2430639,
    AUTHOR = {Borodin, Alexei and Ferrari, Patrik L. and Sasamoto, Tomohiro},
     TITLE = {Large time asymptotics of growth models on space-like paths.
              {II}. {PNG} and parallel {TASEP}},
   JOURNAL = {Comm. Math. Phys.},
  FJOURNAL = {Communications in Mathematical Physics},
    VOLUME = {283},
      YEAR = {2008},
    NUMBER = {2},
     PAGES = {417--449},
      ISSN = {0010-3616},
     CODEN = {CMPHAY},
   MRCLASS = {82C22 (60K35 82C31)},
  MRNUMBER = {2430639 (2009k:82090)},
MRREVIEWER = {C{\'e}dric Bernardin},
}

@article {MR2784327,
    AUTHOR = {Bal{\'a}zs, M. and Quastel, J. and Sepp{\"a}l{\"a}inen, T.},
     TITLE = {Fluctuation exponent of the {KPZ}/stochastic {B}urgers
              equation},
   JOURNAL = {J. Amer. Math. Soc.},
  FJOURNAL = {Journal of the American Mathematical Society},
    VOLUME = {24},
      YEAR = {2011},
    NUMBER = {3},
     PAGES = {683--708},
      ISSN = {0894-0347},
   MRCLASS = {60H15 (35R60 60K35 82Cxx)},
  MRNUMBER = {2784327},
}

@article {MR2796514,
    AUTHOR = {Amir, Gideon and Corwin, Ivan and Quastel, Jeremy},
     TITLE = {Probability distribution of the free energy of the continuum
              directed random polymer in {$1+1$} dimensions},
   JOURNAL = {Comm. Pure Appl. Math.},
  FJOURNAL = {Communications on Pure and Applied Mathematics},
    VOLUME = {64},
      YEAR = {2011},
    NUMBER = {4},
     PAGES = {466--537},
      ISSN = {0010-3640},
     CODEN = {CPAMA},
   MRCLASS = {82C22 (60B20 60F17 60H15 60K35 82C44)},
  MRNUMBER = {2796514},
}



@ARTICLE{CLL11,
   author = {{Cass}, T. and {Litterer}, C. and {Lyons}, T.},
    title = {Integrability Estimates for {G}aussian Rough Differential Equations},
  journal = {ArXiv e-prints},
archivePrefix = "arXiv",
   note = {1104.1813},
 primaryClass = "math.PR",
 keywords = {Mathematics - Probability},
     year = 2011,
    month = apr,
   adsurl = {http://adsabs.harvard.edu/abs/2011arXiv1104.1813C},
  adsnote = {Provided by the SAO/NASA Astrophysics Data System}
}


@article {MR2091358,
    AUTHOR = {Gubinelli, M.},
     TITLE = {Controlling rough paths},
   JOURNAL = {J. Funct. Anal.},
  FJOURNAL = {Journal of Functional Analysis},
    VOLUME = {216},
      YEAR = {2004},
    NUMBER = {1},
     PAGES = {86--140},
      ISSN = {0022-1236},
     CODEN = {JFUAAW},
   MRCLASS = {60H05 (26A42 60H10)},
  MRNUMBER = {2091358 (2005k:60169)},
MRREVIEWER = {Vigirdas Mackevi{\v{c}}ius},
       DOI = {10.1016/j.jfa.2004.01.002},
       URL = {http://dx.doi.org/10.1016/j.jfa.2004.01.002},
}
@ARTICLE{GubKdV,
   author = {Gubinelli, M.},
    title = "{Rough solutions for the periodic Korteweg-de Vries equation}",
  journal = {ArXiv e-prints},
   note = "{math/0610006}",
 keywords = {Mathematics - Analysis of PDEs, Mathematical Physics, Mathematics - Probability, 35F25, 35R60},
     year = 2006,
    month = sep,
}



@ARTICLE{NeilJon,
   author = {{O'Connell}, N. and {Warren}, J.},
    title = "{A multi-layer extension of the stochastic heat equation}",
  journal = {ArXiv e-prints},
archivePrefix = "arXiv",
   eprint = {1104.3509},
 primaryClass = "math.PR",
 keywords = {Mathematics - Probability, Mathematical Physics},
     year = 2011,
    month = apr,
   adsurl = {http://adsabs.harvard.edu/abs/2011arXiv1104.3509O},
  adsnote = {Provided by the SAO/NASA Astrophysics Data System}
}

@article {MR678000,
    AUTHOR = {Aizenman, Michael},
     TITLE = {Geometric analysis of {$\varphi ^{4}$} fields and {I}sing
              models. {I}, {II}},
   JOURNAL = {Comm. Math. Phys.},
  FJOURNAL = {Communications in Mathematical Physics},
    VOLUME = {86},
      YEAR = {1982},
    NUMBER = {1},
     PAGES = {1--48},
      ISSN = {0010-3616},
     CODEN = {CMPHAY},
   MRCLASS = {81E25 (82A68)},
  MRNUMBER = {678000 (84f:81078)},
MRREVIEWER = {C. A. Hurst},
}

@article {MR815192,
    AUTHOR = {Jona-Lasinio, G. and Mitter, P. K.},
     TITLE = {On the stochastic quantization of field theory},
   JOURNAL = {Comm. Math. Phys.},
  FJOURNAL = {Communications in Mathematical Physics},
    VOLUME = {101},
      YEAR = {1985},
    NUMBER = {3},
     PAGES = {409--436},
      ISSN = {0010-3616},
     CODEN = {CMPHAY},
   MRCLASS = {81E99 (60G20 81C20)},
  MRNUMBER = {MR815192 (87j:81246)},
}

@article {MR0042889,
    AUTHOR = {Cole, Julian D.},
     TITLE = {On a quasi-linear parabolic equation occurring in
              aerodynamics},
   JOURNAL = {Quart. Appl. Math.},
  FJOURNAL = {Quarterly of Applied Mathematics},
    VOLUME = {9},
      YEAR = {1951},
     PAGES = {225--236},
      ISSN = {0033-569X},
   MRCLASS = {76.1X},
  MRNUMBER = {0042889 (13,178c)},
MRREVIEWER = {R. Gerber},
}

@article {MR0047234,
    AUTHOR = {Hopf, Eberhard},
     TITLE = {The partial differential equation {$u_t+uu_x=\mu u_{xx}$}},
   JOURNAL = {Comm. Pure Appl. Math.},
  FJOURNAL = {Communications on Pure and Applied Mathematics},
    VOLUME = {3},
      YEAR = {1950},
     PAGES = {201--230},
      ISSN = {0010-3640},
   MRCLASS = {36.0X},
  MRNUMBER = {0047234 (13,846c)},
MRREVIEWER = {C. C. Lin},
}

@ARTICLE{AKQ,
   author = {{Alberts}, T. and {Khanin}, K. and {Quastel}, J.},
    title = "{Intermediate Disorder Regime for Directed Polymers in Dimension 1+1}",
  journal = {Physical Review Letters},
archivePrefix = "arXiv",
   eprint = {1003.1885},
 primaryClass = "cond-mat.stat-mech",
 keywords = {Stochastic analysis methods, Fluctuation phenomena, random processes, noise, and Brownian motion, Polymers, elastomers, and plastics, Polymers},
     year = 2010,
    month = aug,
   volume = 105,
   number = 9,
      eid = {090603},
    pages = {090603},
      doi = {10.1103/PhysRevLett.105.090603},
   adsurl = {http://adsabs.harvard.edu/abs/2010PhRvL.105i0603A},
  adsnote = {Provided by the SAO/NASA Astrophysics Data System}
}


@article {MR1462228,
    AUTHOR = {Bertini, Lorenzo and Giacomin, Giambattista},
     TITLE = {Stochastic {B}urgers and {KPZ} equations from particle
              systems},
   JOURNAL = {Comm. Math. Phys.},
  FJOURNAL = {Communications in Mathematical Physics},
    VOLUME = {183},
      YEAR = {1997},
    NUMBER = {3},
     PAGES = {571--607},
      ISSN = {0010-3616},
     CODEN = {CMPHAY},
   MRCLASS = {60K35 (60H15 82C22 82C24)},
  MRNUMBER = {MR1462228 (99e:60212)},
MRREVIEWER = {Ellen Saada},
}

@ARTICLE{SPDENotes,
   author = {{Hairer}, M.},
    title = "{An Introduction to Stochastic PDEs}",
  journal = {ArXiv e-prints},
archivePrefix = "arXiv",
   eprint = {0907.4178},
 primaryClass = "math.PR",
 keywords = {Mathematics - Probability, Mathematics - Analysis of PDEs, 60H15},
     year = 2009,
    month = jul,
   url = {http://adsabs.harvard.edu/abs/2009arXiv0907.4178H}
}

@article{Hairer14,
	Author = {Hairer, Martin},
	Doi = {10.1007/s00222-014-0505-4},
	Eprint = {1303.5113},
	Fjournal = {Inventiones Mathematicae},
	Journal = {Invent. Math.},
	Number = {2},
	Pages = {269--504},
	Title = {A theory of regularity structures},
	Volume = {198},
	Year = {2014},
	Bdsk-Url-1 = {http://dx.doi.org/10.1007/s00222-014-0505-4}}

@article {Natesh,
    AUTHOR = {Hairer, Martin and Pillai, Natesh},
     TITLE = {Regularity of Laws and Ergodicity of Hypoelliptic SDEs Driven by Rough Paths},
   JOURNAL = {Ann. Probab.},
  FJOURNAL = {The Annals of Probability},
      YEAR = {2013},
    note = {To appear},
}

@article {KPZ,
    AUTHOR = {Hairer, Martin},
     TITLE = {Solving the {KPZ} equation},
   JOURNAL = {Ann. of Math. (2)},
  FJOURNAL = {Annals of Mathematics. Second Series},
    VOLUME = {178},
      YEAR = {2013},
    NUMBER = {2},
     PAGES = {559--664},
      ISSN = {0003-486X},
   MRCLASS = {35K59 (35B10 35B65 35R60 60G22 60H15 60K35)},
  MRNUMBER = {3071506},
MRREVIEWER = {Alp O. Eden},
       DOI = {10.4007/annals.2013.178.2.4},
eprint = {1109.6811},
}


@article {Lyons,
    AUTHOR = {Lyons, Terry J.},
     TITLE = {Differential equations driven by rough signals},
   JOURNAL = {Rev. Mat. Iberoamericana},
  FJOURNAL = {Revista Matem\'atica Iberoamericana},
    VOLUME = {14},
      YEAR = {1998},
    NUMBER = {2},
     PAGES = {215--310},
      ISSN = {0213-2230},
   MRCLASS = {60H10 (34A99 34F05 37H99)},
  MRNUMBER = {MR1654527 (2000c:60089)},
MRREVIEWER = {Ben Hambly},
}

@article{FMRS85,
  title={Bounds on {R}enormalized {F}eynman graphs},
  author={Feldman, J and Magnen, J and Rivasseau, V and S{\'e}n{\'e}or, R},
  journal={Communications in Mathematical Physics},
  volume={100},
  number={1},
  pages={23--55},
  year={1985},
  publisher={Springer},
  doi = {10.1007/BF01212686},
}

@article{Zim69,
year={1969},
issn={0010-3616},
journal={Communications in Mathematical Physics},
volume={15},
number={3},
doi={10.1007/BF01645676},
title={Convergence of {B}ogoliubov's method of renormalization in momentum space},
url={http://dx.doi.org/10.1007/BF01645676},
publisher={Springer-Verlag},
author={Zimmermann, W.},
pages={208-234},
language={English}
}

@article {BHZ19,
    AUTHOR = {Bruned, Y. and Hairer, M. and Zambotti, L.},
     TITLE = {Algebraic renormalisation of regularity structures},
   JOURNAL = {Invent. Math.},
  FJOURNAL = {Inventiones Mathematicae},
    VOLUME = {215},
      YEAR = {2019},
    NUMBER = {3},
     PAGES = {1039--1156},
      ISSN = {0020-9910},
   MRCLASS = {16T05 (60H15 82C28)},
  MRNUMBER = {3935036},
       DOI = {10.1007/s00222-018-0841-x},
       URL = {https://doi.org/10.1007/s00222-018-0841-x},
}

@ARTICLE{2015arXiv150803616C,
   author = {{Chandra}, A. and {Weber}, H.},
    title = "{Stochastic PDEs, Regularity Structures, and Interacting Particle Systems}",
  journal = {ArXiv e-prints},
archivePrefix = "arXiv",
   eprint = {1508.03616},
 primaryClass = "math.AP",
 keywords = {Mathematics - Analysis of PDEs, Mathematical Physics, Mathematics - Probability},
     year = 2015,
    month = aug,
   adsurl = {http://adsabs.harvard.edu/abs/2015arXiv150803616C},
  adsnote = {Provided by the SAO/NASA Astrophysics Data System},
  note = {To appear in Ann. Fac. Sci. Toulouse Math.}
}

@article {DPD2,
    AUTHOR = {Da Prato, Giuseppe and Debussche, Arnaud},
     TITLE = {Strong solutions to the stochastic quantization equations},
   JOURNAL = {Ann. Probab.},
  FJOURNAL = {The Annals of Probability},
    VOLUME = {31},
      YEAR = {2003},
    NUMBER = {4},
     PAGES = {1900--1916},
      ISSN = {0091-1798},
     CODEN = {APBYAE},
   MRCLASS = {81S20 (28C20 42B05)},
  MRNUMBER = {2016604},
       DOI = {10.1214/aop/1068646370},
       URL = {http://0-dx.doi.org.pugwash.lib.warwick.ac.uk/10.1214/aop/1068646370},
}


@ARTICLE{TomTrees,
       author = {{Cass}, Thomas and {Weidner}, Martin P.},
        title = "{Tree algebras over topological vector spaces in rough path theory}",
      journal = {ArXiv e-prints},
     keywords = {Mathematics - Probability},
         year = 2016,
        month = Apr,
          eid = {arXiv:1604.07352},
archivePrefix = {arXiv},
       eprint = {1604.07352},
 primaryClass = {math.PR},
       adsurl = {https://ui.adsabs.harvard.edu/abs/2016arXiv160407352C},
      adsnote = {Provided by the SAO/NASA Astrophysics Data System}
}



@ARTICLE{CH16,
   author = {{Chandra}, A. and {Hairer}, M.},
    title = "{An analytic BPHZ theorem for regularity structures}",
  journal = {ArXiv e-prints},
archivePrefix = "arXiv",
   eprint = {1612.08138},
 primaryClass = "math.PR",
 keywords = {Mathematics - Probability, Mathematical Physics, Mathematics - Analysis of PDEs},
     year = 2016,
    month = dec,
   adsurl = {http://adsabs.harvard.edu/abs/2016arXiv161208138C},
  adsnote = {Provided by the SAO/NASA Astrophysics Data System}
}

@article {Ma09,
    AUTHOR = {Ma, Tsoy-Wo},
     TITLE = {Higher chain formula proved by combinatorics},
   JOURNAL = {Electron. J. Combin.},
  FJOURNAL = {Electronic Journal of Combinatorics},
    VOLUME = {16},
      YEAR = {2009},
    NUMBER = {1},
     PAGES = {Note 21, 7},
      ISSN = {1077-8926},
   MRCLASS = {05A15 (05A10 05A17)},
  MRNUMBER = {2515761},
MRREVIEWER = {Jaime Mu\~A$\pm$oz Masqu\~A\copyright{}},
       URL = {http://www.combinatorics.org/Volume_16/Abstracts/v16i1n21.html},
}

@Article{Kupiainen2016,
author="Kupiainen, Antti",
title="Renormalization Group and Stochastic {PDE}s",
journal="Annales Henri Poincar{\'e}",
year="2016",
volume="17",
eprint = {1410.3094},
number="3",
pages="497--535",
issn="1424-0661",
doi="10.1007/s00023-015-0408-y",
url="http://dx.doi.org/10.1007/s00023-015-0408-y"
}

@ARTICLE{OW,
   author = {{Otto}, F. and {Weber}, H.},
    title = "{Quasilinear SPDEs via rough paths}",
  journal = {ArXiv e-prints},
archivePrefix = "arXiv",
   eprint = {1605.09744},
 primaryClass = "math.AP",
 keywords = {Mathematics - Analysis of PDEs, Mathematics - Probability, 60H15, 35B65},
     year = 2016,
    month = may,
   adsurl = {http://adsabs.harvard.edu/abs/2016arXiv160509744O},
  adsnote = {Provided by the SAO/NASA Astrophysics Data System}
}




@article {HM16,
    AUTHOR = {Hairer, M. and Mattingly, J.},
     TITLE = {The strong {F}eller property for singular stochastic {PDE}s},
   JOURNAL = {Ann. Inst. Henri Poincar\'{e} Probab. Stat.},
  FJOURNAL = {Annales de l'Institut Henri Poincar\'{e} Probabilit\'{e}s et
              Statistiques},
    VOLUME = {54},
      YEAR = {2018},
    NUMBER = {3},
     PAGES = {1314--1340},
      ISSN = {0246-0203},
   MRCLASS = {60H15 (37L55 81S20)},
  MRNUMBER = {3825883},
MRREVIEWER = {Peter Karl Friz},
       DOI = {10.1214/17-AIHP840},
       URL = {https://doi-org.ezproxy.library.wisc.edu/10.1214/17-AIHP840},
}

@article {BCFP19,
    AUTHOR = {Bruned, Y. and Chevyrev, I. and Friz, P. K. and Prei\ss , R.},
     TITLE = {A rough path perspective on renormalization},
   JOURNAL = {J. Funct. Anal.},
  FJOURNAL = {Journal of Functional Analysis},
    VOLUME = {277},
      YEAR = {2019},
    NUMBER = {11},
     PAGES = {108283, 60},
      ISSN = {0022-1236},
   MRCLASS = {60L70 (60L20 60L30)},
  MRNUMBER = {4013830},
MRREVIEWER = {Yuzuru Inahama},
       DOI = {10.1016/j.jfa.2019.108283},
       URL = {https://doi.org/10.1016/j.jfa.2019.108283},
}

@ARTICLE{CC13,
   author = {{Catellier}, R. and {Chouk}, K.},
    title = "{Paracontrolled Distributions and the 3-dimensional Stochastic Quantization Equation}",
  journal = {ArXiv e-prints},
archivePrefix = "arXiv",
   eprint = {1310.6869},
 primaryClass = "math.PR",
 keywords = {Mathematics - Probability, Mathematical Physics},
     year = 2013,
    month = oct,
   adsurl = {http://adsabs.harvard.edu/abs/2013arXiv1310.6869C},
  adsnote = {Provided by the SAO/NASA Astrophysics Data System},
  note = {To appear in Ann. Probab.}
}

@article {MW17Phi43,
    AUTHOR = {Mourrat, Jean-Christophe and Weber, Hendrik},
     TITLE = {The dynamic {$\Phi^4_3$} model comes down from infinity},
   JOURNAL = {Comm. Math. Phys.},
  FJOURNAL = {Communications in Mathematical Physics},
    VOLUME = {356},
      YEAR = {2017},
    NUMBER = {3},
    doi = {10.1007/s00220-017-2997-4},
    eprint = {1601.01234},
     PAGES = {673--753},
      ISSN = {0010-3616},
   MRCLASS = {60H15 (35K15 35K91 35R60)},
  MRNUMBER = {3719541},
       URL = {https://doi.org/10.1007/s00220-017-2997-4},
}

@article {MW17Phi42,
    AUTHOR = {Mourrat, Jean-Christophe and Weber, Hendrik},
     TITLE = {Global well-posedness of the dynamic {$\Phi^4$} model in the
              plane},
   JOURNAL = {Ann. Probab.},
  FJOURNAL = {The Annals of Probability},
    VOLUME = {45},
      YEAR = {2017},
    NUMBER = {4},
     PAGES = {2398--2476},
      ISSN = {0091-1798},
   MRCLASS = {81T27 (35B30 35K58 35R60 60H15 81T40)},
  MRNUMBER = {3693966},
MRREVIEWER = {Dimitri Petritis},
       DOI = {10.1214/16-AOP1116},
       URL = {https://doi.org/10.1214/16-AOP1116},
}

@article {BCCH21,
    AUTHOR = {Bruned, Y. and Chandra, A. and Chevyrev, I. and Hairer, M.},
     TITLE = {Renormalising {SPDE}s in regularity structures},
   JOURNAL = {J. Eur. Math. Soc. (JEMS)},
  FJOURNAL = {Journal of the European Mathematical Society (JEMS)},
    VOLUME = {23},
      YEAR = {2021},
    NUMBER = {3},
     PAGES = {869--947},
      ISSN = {1435-9855},
   MRCLASS = {60L30 (16T05 54C35)},
  MRNUMBER = {4210726},
       DOI = {10.4171/jems/1025},
       URL = {https://doi.org/10.4171/jems/1025},
}

@article {MonCat,
    AUTHOR = {Stolz, Stephan and Teichner, Peter},
     TITLE = {Traces in monoidal categories},
   JOURNAL = {Trans. Amer. Math. Soc.},
  FJOURNAL = {Transactions of the American Mathematical Society},
    VOLUME = {364},
      YEAR = {2012},
    NUMBER = {8},
     PAGES = {4425--4464},
      ISSN = {0002-9947},
   MRCLASS = {18D10 (18B30 46A32 57R56)},
  MRNUMBER = {2912459},
MRREVIEWER = {Carlos Soneira Calvo},
       DOI = {10.1090/S0002-9947-2012-05615-7},
       URL = {https://doi.org/10.1090/S0002-9947-2012-05615-7},
}

@ARTICLE{EH17,
   author = {{Erhard}, D. and {Hairer}, M.},
    title = "{Discretisation of regularity structures}",
  journal = {ArXiv e-prints},
archivePrefix = "arXiv",
   eprint = {1705.02836},
 primaryClass = "math.PR",
 keywords = {Mathematics - Probability, Mathematics - Analysis of PDEs},
     year = 2017,
    month = may,
   adsurl = {http://adsabs.harvard.edu/abs/2017arXiv170502836E},
  adsnote = {Provided by the SAO/NASA Astrophysics Data System}
}

@book {Kechris,
    AUTHOR = {Kechris, Alexander S.},
     TITLE = {Global aspects of ergodic group actions},
    SERIES = {Mathematical Surveys and Monographs},
    VOLUME = {160},
 PUBLISHER = {American Mathematical Society, Providence, RI},
      YEAR = {2010},
     PAGES = {xii+237},
      ISBN = {978-0-8218-4894-4},
   MRCLASS = {37A05 (22F10 28D15 37A15 37A20 37B05)},
  MRNUMBER = {2583950},
MRREVIEWER = {Konstantin Medynets},
       DOI = {10.1090/surv/160},
       URL = {https://doi.org/10.1090/surv/160},
}

@ARTICLE{Shen18,
   author = {{Shen}, H.},
    title = "{Stochastic quantization of an Abelian gauge theory}",
  journal = {ArXiv e-prints},
archivePrefix = "arXiv",
   eprint = {1801.04596},
 primaryClass = "math.PR",
 keywords = {Mathematics - Probability, Mathematical Physics, Mathematics - Analysis of PDEs},
     year = 2018,
    month = jan,
   adsurl = {http://adsabs.harvard.edu/abs/2018arXiv180104596S},
  adsnote = {Provided by the SAO/NASA Astrophysics Data System}
}

@ARTICLE{GH17,
   author = {{Gerencs{\'e}r}, M. and {Hairer}, M.},
    title = "{A solution theory for quasilinear singular SPDEs}",
  journal = {ArXiv e-prints},
archivePrefix = "arXiv",
   eprint = {1712.01881},
 primaryClass = "math.AP",
 keywords = {Mathematics - Analysis of PDEs, Mathematics - Probability},
     year = 2017,
    month = dec,
   adsurl = {http://adsabs.harvard.edu/abs/2017arXiv171201881G},
  adsnote = {Provided by the SAO/NASA Astrophysics Data System}
}

@article {VZ12,
    AUTHOR = {Vandersickel, N. and Zwanziger, Daniel},
     TITLE = {The {G}ribov problem and {QCD} dynamics},
   JOURNAL = {Phys. Rep.},
  FJOURNAL = {Physics Reports. A Review Section of Physics Letters},
    VOLUME = {520},
      YEAR = {2012},
    NUMBER = {4},
     PAGES = {175--251},
      ISSN = {0370-1573},
   MRCLASS = {81V05 (81T13)},
  MRNUMBER = {2992802},
       URL = {https://doi.org/10.1016/j.physrep.2012.07.003},
}

@article {Levy03,
    AUTHOR = {L{\'e}vy, Thierry},
     TITLE = {Yang-{M}ills measure on compact surfaces},
   JOURNAL = {Mem. Amer. Math. Soc.},
  FJOURNAL = {Memoirs of the American Mathematical Society},
    VOLUME = {166},
      YEAR = {2003},
      eprint = {math/0101239},
    NUMBER = {790},
     PAGES = {xiv+122},
      ISSN = {0065-9266},
   MRCLASS = {58D20 (60F20 60G60 60H40 81T13 81T27)},
  MRNUMBER = {2006374},
MRREVIEWER = {Ambar N. Sengupta},
       DOI = {10.1090/memo/0790},
}

@article {DAZ89,
    AUTHOR = {Dell'Antonio, Gianfausto and Zwanziger, Daniel},
     TITLE = {Ellipsoidal bound on the {G}ribov horizon contradicts the perturbative renormalization group},
   JOURNAL = {Nuclear Phys. B},
  FJOURNAL = {Nuclear Physics. B. Theoretical, Phenomenological, and
              Experimental High Energy Physics. Quantum Field Theory and Statistical Systems},
    VOLUME = {326},
      YEAR = {1989},
    NUMBER = {2},
     PAGES = {333--350},
      ISSN = {0550-3213},
   MRCLASS = {81E13 (81E15)},
  MRNUMBER = {1023780},
MRREVIEWER = {Olivier Piguet},
       URL = {https://doi.org/10.1016/0550-3213(89)90135-1},
}

@book {DK90,
    AUTHOR = {Donaldson, S. K. and Kronheimer, P. B.},
     TITLE = {The geometry of four-manifolds},
    SERIES = {Oxford Mathematical Monographs},
      NOTE = {Oxford Science Publications},
 PUBLISHER = {The Clarendon Press, Oxford University Press, New York},
      YEAR = {1990},
     PAGES = {x+440},
      ISBN = {0-19-853553-8},
   MRCLASS = {57R57 (57N13 57R55 58D27 58G05)},
  MRNUMBER = {1079726},
MRREVIEWER = {Ronald J. Stern},
}

@article {Donaldson,
    AUTHOR = {Donaldson, S. K.},
     TITLE = {Anti self-dual {Y}ang-{M}ills connections over complex
              algebraic surfaces and stable vector bundles},
   JOURNAL = {Proc. London Math. Soc. (3)},
  FJOURNAL = {Proceedings of the London Mathematical Society. Third Series},
    VOLUME = {50},
      YEAR = {1985},
    NUMBER = {1},
     PAGES = {1--26},
      ISSN = {0024-6115},
   MRCLASS = {58E15 (14F99 53C05 57R99)},
  MRNUMBER = {765366},
MRREVIEWER = {S. Ramanan},
       DOI = {10.1112/plms/s3-50.1.1},
       URL = {https://doi.org/10.1112/plms/s3-50.1.1},
}

@article {HM18,
    AUTHOR = {Hairer, M. and Matetski, K.},
     TITLE = {Discretisations of rough stochastic {PDE}s},
   JOURNAL = {Ann. Probab.},
  FJOURNAL = {The Annals of Probability},
    VOLUME = {46},
      YEAR = {2018},
    NUMBER = {3},
    eprint={1511.06937},
     PAGES = {1651--1709},
      ISSN = {0091-1798},
   MRCLASS = {60H15 (65M12)},
  MRNUMBER = {3785597},
       DOI = {10.1214/17-AOP1212},
       URL = {https://doi.org/10.1214/17-AOP1212},
}

@ARTICLE{Chambersetal16,
   author = {{Chambers}, G.~R. and {Dotterrer}, D. and {Manin}, F. and {Weinberger}, S.
	},
    title = "{Quantitative null-cobordism}",
  journal = {ArXiv e-prints},
archivePrefix = "arXiv",
   eprint = {1610.04888},
 primaryClass = "math.GT",
 keywords = {Mathematics - Geometric Topology, Mathematics - Differential Geometry, 57R75, 53C23},
     year = 2016,
    month = oct,
   adsurl = {http://adsabs.harvard.edu/abs/2016arXiv161004888C},
  adsnote = {Provided by the SAO/NASA Astrophysics Data System},
  note = {To appear in Journal of the American Mathematical Society}
}

@ARTICLE{CF17,
   author = {{Chevyrev}, I. and {Friz}, P.~K.},
    title = "{Canonical RDEs and general semimartingales as rough paths}",
  journal = {ArXiv e-prints},
archivePrefix = "arXiv",
   eprint = {1704.08053},
 primaryClass = "math.PR",
 keywords = {Mathematics - Probability, 60H99 (Primary) 60H10 (Secondary)},
     year = 2017,
    month = apr,
   adsurl = {http://adsabs.harvard.edu/abs/2017arXiv170408053C},
  adsnote = {Provided by the SAO/NASA Astrophysics Data System},
  note = {To appear in Annals of Probability},
}

@article {FW13,
    AUTHOR = {Ferry, Steve and Weinberger, Shmuel},
     TITLE = {Quantitative algebraic topology and {L}ipschitz homotopy},
   JOURNAL = {Proc. Natl. Acad. Sci. USA},
  FJOURNAL = {Proceedings of the National Academy of Sciences of the United
              States of America},
    VOLUME = {110},
      YEAR = {2013},
    NUMBER = {48},
     PAGES = {19246--19250},
      ISSN = {1091-6490},
   MRCLASS = {57N65 (55N99)},
  MRNUMBER = {3153953},
MRREVIEWER = {F. E. A. Johnson},
       DOI = {10.1073/pnas.1208041110},
       URL = {https://doi.org/10.1073/pnas.1208041110},
}

@article {Balaban85I,
    AUTHOR = {Balaban, T.},
     TITLE = {Averaging operations for lattice gauge theories},
   JOURNAL = {Comm. Math. Phys.},
  FJOURNAL = {Communications in Mathematical Physics},
    VOLUME = {98},
      YEAR = {1985},
    NUMBER = {1},
     PAGES = {17--51},
      ISSN = {0010-3616},
   MRCLASS = {81E25 (81E13)},
  MRNUMBER = {785259},
MRREVIEWER = {Claus Montonen},
       URL = {http://projecteuclid.org/euclid.cmp/1103942283},
}
@article {Balaban85II,
    AUTHOR = {Balaban, T.},
     TITLE = {Spaces of regular gauge field configurations on a lattice and gauge fixing conditions},
   JOURNAL = {Comm. Math. Phys.},
  FJOURNAL = {Communications in Mathematical Physics},
    VOLUME = {99},
      YEAR = {1985},
    NUMBER = {1},
     PAGES = {75--102},
      ISSN = {0010-3616},
   MRCLASS = {81E25 (81E08)},
  MRNUMBER = {791641},
MRREVIEWER = {Claus Montonen},
       URL = {http://projecteuclid.org/euclid.cmp/1103942611},
}

@article {Balaban87,
    AUTHOR = {Balaban, Tadeusz},
     TITLE = {Renormalization group approach to lattice gauge field
              theories. {I}. {G}eneration of effective actions in a small
              field approximation and a coupling constant renormalization in
              four dimensions},
   JOURNAL = {Comm. Math. Phys.},
  FJOURNAL = {Communications in Mathematical Physics},
    VOLUME = {109},
      YEAR = {1987},
    NUMBER = {2},
     PAGES = {249--301},
      ISSN = {0010-3616},
   MRCLASS = {81E25 (81E08 81E15)},
  MRNUMBER = {880416},
MRREVIEWER = {Claus Montonen},
       URL = {http://projecteuclid.org/euclid.cmp/1104116842},
}

@article {Balaban85IV,
    AUTHOR = {Balaban, T.},
     TITLE = {Ultraviolet stability of three-dimensional lattice pure gauge field theories},
   JOURNAL = {Comm. Math. Phys.},
  FJOURNAL = {Communications in Mathematical Physics},
    VOLUME = {102},
      YEAR = {1985},
    NUMBER = {2},
     PAGES = {255--275},
      ISSN = {0010-3616},
   MRCLASS = {81E25 (81E15)},
  MRNUMBER = {820575},
MRREVIEWER = {Adam Paszkiewicz},
       URL = {http://projecteuclid.org/euclid.cmp/1104114382},
}
@article {Balaban85III,
    AUTHOR = {Balaban, T.},
     TITLE = {Propagators for lattice gauge theories in a background field},
   JOURNAL = {Comm. Math. Phys.},
  FJOURNAL = {Communications in Mathematical Physics},
    VOLUME = {99},
      YEAR = {1985},
    NUMBER = {3},
     PAGES = {389--434},
      ISSN = {0010-3616},
   MRCLASS = {81E25 (81E15)},
  MRNUMBER = {795111},
MRREVIEWER = {Adam Paszkiewicz},
       URL = {http://projecteuclid.org/euclid.cmp/1103942769},
}

@article {MRS93,
    AUTHOR = {Magnen, Jacques and Rivasseau, Vincent and S\'{e}n\'{e}or, Roland},
     TITLE = {Construction of {${\rm YM}_4$} with an infrared cutoff},
   JOURNAL = {Comm. Math. Phys.},
  FJOURNAL = {Communications in Mathematical Physics},
    VOLUME = {155},
      YEAR = {1993},
    NUMBER = {2},
     PAGES = {325--383},
      ISSN = {0010-3616},
   MRCLASS = {81T08 (81T13 81T16)},
  MRNUMBER = {1230032},
       URL = {http://projecteuclid.org/euclid.cmp/1104253284},
}

@article {Balaban83,
    AUTHOR = {Balaban, Tadeusz},
     TITLE = {Regularity and decay of lattice {G}reen's functions},
   JOURNAL = {Comm. Math. Phys.},
  FJOURNAL = {Communications in Mathematical Physics},
    VOLUME = {89},
      YEAR = {1983},
    NUMBER = {4},
     PAGES = {571--597},
      ISSN = {0010-3616},
   MRCLASS = {81E25 (81E08)},
  MRNUMBER = {713686},
MRREVIEWER = {V. Rivasseau},
       URL = {http://projecteuclid.org/euclid.cmp/1103922931},
}
@article {Balaban84I,
    AUTHOR = {Balaban, T.},
     TITLE = {Propagators and renormalization transformations for lattice
              gauge theories. {I}},
   JOURNAL = {Comm. Math. Phys.},
  FJOURNAL = {Communications in Mathematical Physics},
    VOLUME = {95},
      YEAR = {1984},
    NUMBER = {1},
     PAGES = {17--40},
      ISSN = {0010-3616},
   MRCLASS = {81E25 (81E15)},
  MRNUMBER = {757052},
MRREVIEWER = {Claus Montonen},
       URL = {http://projecteuclid.org/euclid.cmp/1103941451},
}
@article {Balaban84II,
    AUTHOR = {Balaban, T.},
     TITLE = {Propagators and renormalization transformations for lattice
              gauge theories. {II}},
   JOURNAL = {Comm. Math. Phys.},
  FJOURNAL = {Communications in Mathematical Physics},
    VOLUME = {96},
      YEAR = {1984},
    NUMBER = {2},
     PAGES = {223--250},
      ISSN = {0010-3616},
   MRCLASS = {81E25},
  MRNUMBER = {768256},
MRREVIEWER = {Claus Montonen},
       URL = {http://projecteuclid.org/euclid.cmp/1103941783},
}
@article {FS17,
    AUTHOR = {Friz, Peter K. and Shekhar, Atul},
     TITLE = {General rough integration, {L}\'evy rough paths and a
              {L}\'evy-{K}intchine-type formula},
   JOURNAL = {Ann. Probab.},
  FJOURNAL = {The Annals of Probability},
    VOLUME = {45},
      YEAR = {2017},
    NUMBER = {4},
     PAGES = {2707--2765},
      ISSN = {0091-1798},
   MRCLASS = {60H99},
  MRNUMBER = {3693973},
MRREVIEWER = {Khoa L\^e},
       DOI = {10.1214/16-AOP1123},
       URL = {https://doi.org/10.1214/16-AOP1123},
}

@book {Hall15,
    AUTHOR = {Hall, Brian},
     TITLE = {Lie groups, {L}ie algebras, and representations: An elementary introduction},
    SERIES = {Graduate Texts in Mathematics},
    VOLUME = {222},
   EDITION = {Second},
 PUBLISHER = {Springer, Cham},
      YEAR = {2015},
     PAGES = {xiv+449},
      ISBN = {978-3-319-13466-6; 978-3-319-13467-3},
   MRCLASS = {22-01 (17-01)},
  MRNUMBER = {3331229},
       DOI = {10.1007/978-3-319-13467-3},
       URL = {https://doi.org/10.1007/978-3-319-13467-3},
}

@article {deturck83,
    AUTHOR = {DeTurck, Dennis M.},
     TITLE = {Deforming metrics in the direction of their {R}icci tensors},
   JOURNAL = {J. Differential Geom.},
  FJOURNAL = {Journal of Differential Geometry},
    VOLUME = {18},
      YEAR = {1983},
    NUMBER = {1},
     PAGES = {157--162},
      ISSN = {0022-040X},
   MRCLASS = {53C25 (53C21 58D17 58G30)},
  MRNUMBER = {697987},
MRREVIEWER = {Megerdich Toomanian},
       URL = {http://projecteuclid.org/euclid.jdg/1214509286},
}

@article {zwanziger81,
    AUTHOR = {Zwanziger, Daniel},
     TITLE = {Covariant quantization of gauge fields without {G}ribov
              ambiguity},
   JOURNAL = {Nuclear Phys. B},
  FJOURNAL = {Nuclear Physics. B},
    VOLUME = {192},
      YEAR = {1981},
    NUMBER = {1},
     PAGES = {259--269},
      ISSN = {0029-5582},
   MRCLASS = {81E10 (53C05 58D30)},
  MRNUMBER = {635216},
       DOI = {10.1016/0550-3213(81)90202-9},
       URL = {https://doi.org/10.1016/0550-3213(81)90202-9},
}

@article {DH87,
    AUTHOR = {Damgaard, Poul H. and H\"uffel, Helmuth},
     TITLE = {Stochastic quantization},
   JOURNAL = {Phys. Rep.},
  FJOURNAL = {Physics Reports. A Review Section of Physics Letters},
    VOLUME = {152},
      YEAR = {1987},
    NUMBER = {5-6},
     PAGES = {227--398},
      ISSN = {0370-1573},
   MRCLASS = {81C20 (81-02)},
  MRNUMBER = {905422},
MRREVIEWER = {Demetris P. K. Ghikas},
       DOI = {10.1016/0370-1573(87)90144-X},
       URL = {http://dx.doi.org/10.1016/0370-1573(87)90144-X},
}

@article {ZZ18,
    AUTHOR = {Zhu, Rongchan and Zhu, Xiangchan},
     TITLE = {Lattice approximation to the dynamical {$\Phi_3^4$} model},
   JOURNAL = {Ann. Probab.},
  FJOURNAL = {The Annals of Probability},
    VOLUME = {46},
      YEAR = {2018},
    NUMBER = {1},
     PAGES = {397--455},
      ISSN = {0091-1798},
   MRCLASS = {60H15 (82C28)},
  MRNUMBER = {3758734},
       DOI = {10.1214/17-AOP1188},
       URL = {https://doi.org/10.1214/17-AOP1188},
}

@article {GP17,
    AUTHOR = {Gubinelli, Massimiliano and Perkowski, Nicolas},
     TITLE = {K{PZ} reloaded},
   JOURNAL = {Comm. Math. Phys.},
  FJOURNAL = {Communications in Mathematical Physics},
    VOLUME = {349},
      YEAR = {2017},
    NUMBER = {1},
     PAGES = {165--269},
      ISSN = {0010-3616},
   MRCLASS = {60H15 (58J65)},
  MRNUMBER = {3592748},
MRREVIEWER = {Peter Karl Friz},
       DOI = {10.1007/s00220-016-2788-3},
       URL = {https://doi.org/10.1007/s00220-016-2788-3},
}

@ARTICLE{MP17,
   author = {{Martin}, J. and {Perkowski}, N.},
    title = "{Paracontrolled distributions on Bravais lattices and weak universality of the 2d parabolic Anderson model}",
  journal = {ArXiv e-prints},
archivePrefix = "arXiv",
   eprint = {1704.08653},
 primaryClass = "math.PR",
 keywords = {Mathematics - Probability},
     year = 2017,
    month = apr,
   adsurl = {http://adsabs.harvard.edu/abs/2017arXiv170408653M},
  adsnote = {Provided by the SAO/NASA Astrophysics Data System}
}

@article {CM18,
    AUTHOR = {Cannizzaro, G. and Matetski, K.},
     TITLE = {Space-time discrete {KPZ} equation},
   JOURNAL = {Comm. Math. Phys.},
  FJOURNAL = {Communications in Mathematical Physics},
    VOLUME = {358},
      YEAR = {2018},
    NUMBER = {2},
     PAGES = {521--588},
      ISSN = {0010-3616},
   MRCLASS = {60H15 (60H35)},
  MRNUMBER = {3774431},
       DOI = {10.1007/s00220-018-3089-9},
       URL = {https://doi.org/10.1007/s00220-018-3089-9},
}

@article {CG13,
    AUTHOR = {Charalambous, Nelia and Gross, Leonard},
     TITLE = {The {Y}ang-{M}ills heat semigroup on three-manifolds with boundary},
   JOURNAL = {Comm. Math. Phys.},
  FJOURNAL = {Communications in Mathematical Physics},
    VOLUME = {317},
      YEAR = {2013},
    NUMBER = {3},
     PAGES = {727--785},
      ISSN = {0010-3616},
   MRCLASS = {58J35 (58J32 81T13)},
  MRNUMBER = {3009723},
MRREVIEWER = {Thomas Krainer},
       DOI = {10.1007/s00220-012-1558-0},
       URL = {https://doi.org/10.1007/s00220-012-1558-0},
}

@article {Rade92,
    AUTHOR = {Rade, Johan},
     TITLE = {On the {Y}ang-{M}ills heat equation in two and three dimensions},
   JOURNAL = {J. Reine Angew. Math.},
  FJOURNAL = {Journal f\"ur die Reine und Angewandte Mathematik. [Crelle's Journal]},
    VOLUME = {431},
      YEAR = {1992},
     PAGES = {123--163},
      ISSN = {0075-4102},
   MRCLASS = {58E15 (53C07 58G11)},
  MRNUMBER = {1179335},
MRREVIEWER = {Dennis M. DeTurck},
       DOI = {10.1515/crll.1992.431.123},
       URL = {https://doi.org/10.1515/crll.1992.431.123},
}

@article {Oh14,
    AUTHOR = {Oh, Sung-Jin},
     TITLE = {Gauge choice for the {Y}ang-{M}ills equations using the {Y}ang-{M}ills heat flow and local well-posedness in {$H^1$}},
   JOURNAL = {J. Hyperbolic Differ. Equ.},
  FJOURNAL = {Journal of Hyperbolic Differential Equations},
    VOLUME = {11},
      YEAR = {2014},
    NUMBER = {1},
     PAGES = {1--108},
      ISSN = {0219-8916},
   MRCLASS = {35L71 (35B30 58E15 81T13)},
  MRNUMBER = {3190112},
MRREVIEWER = {Yisong Yang},
       DOI = {10.1142/S0219891614500015},
       URL = {https://doi.org/10.1142/S0219891614500015},
}

@article {Oh15,
    AUTHOR = {Oh, Sung-Jin},
     TITLE = {Finite energy global well-posedness of the {Y}ang-{M}ills
              equations on {$\Bbb{R}^{1+3}$}: an approach using the
              {Y}ang-{M}ills heat flow},
   JOURNAL = {Duke Math. J.},
  FJOURNAL = {Duke Mathematical Journal},
    VOLUME = {164},
      YEAR = {2015},
    NUMBER = {9},
     PAGES = {1669--1732},
      ISSN = {0012-7094},
   MRCLASS = {35R01 (35B30 35Q40 70S15)},
  MRNUMBER = {3357182},
MRREVIEWER = {Ralf Hofmann},
       DOI = {10.1215/00127094-3119953},
       URL = {https://doi.org/10.1215/00127094-3119953},
}

@article {BHST87II,
    AUTHOR = {Bern, Z. and Halpern, M. B. and Sadun, L. and Taubes, C.},
     TITLE = {Continuum regularization of quantum field theory. {II}.
              {G}auge theory},
   JOURNAL = {Nuclear Phys. B},
  FJOURNAL = {Nuclear Physics. B. Theoretical, Phenomenological, and
              Experimental High Energy Physics. Quantum Field Theory and
              Statistical Systems},
    VOLUME = {284},
      YEAR = {1987},
    NUMBER = {1},
     PAGES = {35--91},
      ISSN = {0550-3213},
   MRCLASS = {81E15 (60J60 81E13)},
  MRNUMBER = {879076},
MRREVIEWER = {B. Geyer},
       DOI = {10.1016/0550-3213(87)90026-5},
       URL = {https://doi.org/10.1016/0550-3213(87)90026-5},
}
@article {BHST87I,
    AUTHOR = {Bern, Z. and Halpern, M. B. and Sadun, L. and Taubes, C.},
     TITLE = {Continuum regularization of quantum field theory. {I}.
              {S}calar prototype},
   JOURNAL = {Nuclear Phys. B},
  FJOURNAL = {Nuclear Physics. B. Theoretical, Phenomenological, and
              Experimental High Energy Physics. Quantum Field Theory and
              Statistical Systems},
    VOLUME = {284},
      YEAR = {1987},
    NUMBER = {1},
     PAGES = {1--34},
      ISSN = {0550-3213},
   MRCLASS = {81E15 (60J60 81E13)},
  MRNUMBER = {879075},
MRREVIEWER = {B. Geyer},
       DOI = {10.1016/0550-3213(87)90025-3},
       URL = {https://doi.org/10.1016/0550-3213(87)90025-3},
}

@article {Uhlenbeck82,
    AUTHOR = {Uhlenbeck, Karen K.},
     TITLE = {Connections with {$L\sp{p}$} bounds on curvature},
   JOURNAL = {Comm. Math. Phys.},
  FJOURNAL = {Communications in Mathematical Physics},
    VOLUME = {83},
      YEAR = {1982},
    NUMBER = {1},
     PAGES = {31--42},
      ISSN = {0010-3616},
   MRCLASS = {53C05 (49F10 58E20 81E10)},
  MRNUMBER = {648356},
MRREVIEWER = {Wolfgang L\"ucke},
       URL = {http://projecteuclid.org/euclid.cmp/1103920743},
}

@book {Wehrheim04,
    AUTHOR = {Wehrheim, Katrin},
     TITLE = {Uhlenbeck compactness},
    SERIES = {EMS Series of Lectures in Mathematics},
 PUBLISHER = {European Mathematical Society (EMS), Z\"urich},
      YEAR = {2004},
     PAGES = {viii+212},
      ISBN = {3-03719-004-3},
   MRCLASS = {53C07 (58E15 58J32)},
  MRNUMBER = {2030823},
MRREVIEWER = {Klaus Mohnke},
       DOI = {10.4171/004},
       URL = {https://doi.org/10.4171/004},
}

@article {Daskalopoulos92,
    AUTHOR = {Daskalopoulos, Georgios D.},
     TITLE = {The topology of the space of stable bundles on a compact
              {R}iemann surface},
   JOURNAL = {J. Differential Geom.},
  FJOURNAL = {Journal of Differential Geometry},
    VOLUME = {36},
      YEAR = {1992},
    NUMBER = {3},
     PAGES = {699--746},
      ISSN = {0022-040X},
   MRCLASS = {58D27 (14D20 32G13 58E15)},
  MRNUMBER = {1189501},
MRREVIEWER = {Steven B. Bradlow},
       URL = {http://projecteuclid.org/euclid.jdg/1214453186},
}

@article {LevyNorris06,
    AUTHOR = {L{\'e}vy, Thierry and Norris, James R.},
     TITLE = {Large deviations for the {Y}ang-{M}ills measure on a compact
              surface},
   JOURNAL = {Comm. Math. Phys.},
  FJOURNAL = {Communications in Mathematical Physics},
    VOLUME = {261},
      YEAR = {2006},
    NUMBER = {2},
     PAGES = {405--450},
      ISSN = {0010-3616},
   MRCLASS = {58D20 (58J65 60F10 81T13)},
  MRNUMBER = {2191886},
MRREVIEWER = {Zhongmin Qian},
       DOI = {10.1007/s00220-005-1450-2},
       URL = {https://doi.org/10.1007/s00220-005-1450-2},
}

@article {Levy06,
    AUTHOR = {L{\'e}vy, Thierry},
     TITLE = {Discrete and continuous {Y}ang-{M}ills measure for non-trivial bundles over compact surfaces},
   JOURNAL = {Probab. Theory Related Fields},
  FJOURNAL = {Probability Theory and Related Fields},
    VOLUME = {136},
      YEAR = {2006},
    NUMBER = {2},
     PAGES = {171--202},
      ISSN = {0178-8051},
   MRCLASS = {58D20 (28C15 81T13 81T25)},
  MRNUMBER = {2240786},
MRREVIEWER = {Dana S. Fine},
       DOI = {10.1007/s00440-005-0478-8},
       URL = {https://doi.org/10.1007/s00440-005-0478-8},
}

@article {Driver87,
    AUTHOR = {Driver, Bruce K.},
     TITLE = {Convergence of the {${\rm U}(1)_4$} lattice gauge theory to
              its continuum limit},
   JOURNAL = {Comm. Math. Phys.},
  FJOURNAL = {Communications in Mathematical Physics},
    VOLUME = {110},
      YEAR = {1987},
    NUMBER = {3},
     PAGES = {479--501},
      ISSN = {0010-3616},
   MRCLASS = {81E25 (81L05)},
  MRNUMBER = {891949},
MRREVIEWER = {R. Delbourgo},
       URL = {http://projecteuclid.org/euclid.cmp/1104159317},
}

@article {Driver89,
    AUTHOR = {Driver, Bruce K.},
     TITLE = {Y{M{${}_2$}}: continuum expectations, lattice convergence, and lassos},
   JOURNAL = {Comm. Math. Phys.},
  FJOURNAL = {Communications in Mathematical Physics},
    VOLUME = {123},
      YEAR = {1989},
    NUMBER = {4},
     PAGES = {575--616},
      ISSN = {0010-3616},
   MRCLASS = {81T08 (81T13 81T25)},
  MRNUMBER = {1006295},
  doi = {10.1007/BF01218586},
MRREVIEWER = {Edward P. Osipov},
       URL = {http://projecteuclid.org/euclid.cmp/1104178984},
}

@article {Chatterjee16,
    AUTHOR = {Chatterjee, Sourav},
     TITLE = {The leading term of the {Y}ang-{M}ills free energy},
   JOURNAL = {J. Funct. Anal.},
  FJOURNAL = {Journal of Functional Analysis},
    VOLUME = {271},
      YEAR = {2016},
    NUMBER = {10},
     PAGES = {2944--3005},
      ISSN = {0022-1236},
   MRCLASS = {70S15 (81T13 81T25 82B20)},
  MRNUMBER = {3548284},
MRREVIEWER = {Giuseppe Nardelli},
       DOI = {10.1016/j.jfa.2016.04.032},
       URL = {https://doi.org/10.1016/j.jfa.2016.04.032},
}

@article {Gross85,
    AUTHOR = {Gross, Leonard},
     TITLE = {A {P}oincar{\'e} lemma for connection forms},
   JOURNAL = {J. Funct. Anal.},
  FJOURNAL = {Journal of Functional Analysis},
    VOLUME = {63},
      YEAR = {1985},
    NUMBER = {1},
     PAGES = {1--46},
      ISSN = {0022-1236},
   MRCLASS = {53C80 (53C05 58A10 81E20)},
  MRNUMBER = {795515},
MRREVIEWER = {Ng\^o Van Qu\^e},
       DOI = {10.1016/0022-1236(85)90096-5},
       URL = {https://doi.org/10.1016/0022-1236(85)90096-5},
}

@article {Singer81,
    AUTHOR = {Singer, I. M.},
     TITLE = {The geometry of the orbit space for nonabelian gauge theories},
   JOURNAL = {Phys. Scripta},
  FJOURNAL = {Physica Scripta},
    VOLUME = {24},
      YEAR = {1981},
    NUMBER = {5},
     PAGES = {817--820},
      ISSN = {0031-8949},
   MRCLASS = {81E10 (14F05 32L10 53C05 58D17 58G25)},
  MRNUMBER = {639408},
       DOI = {10.1088/0031-8949/24/5/002},
       URL = {https://doi.org/10.1088/0031-8949/24/5/002},
}

@article {GrossSmoothen,
    AUTHOR = {Charalambous, Nelia and Gross, Leonard},
     TITLE = {Neumann domination for the {Y}ang-{M}ills heat equation},
   JOURNAL = {J. Math. Phys.},
  FJOURNAL = {Journal of Mathematical Physics},
    VOLUME = {56},
      YEAR = {2015},
    NUMBER = {7},
     PAGES = {073505, 21},
      ISSN = {0022-2488},
   MRCLASS = {81T13},
  MRNUMBER = {3405967},
       DOI = {10.1063/1.4927250},
       URL = {https://doi.org/10.1063/1.4927250},
}

@incollection {Frohlich80,
    AUTHOR = {Fr{\"o}hlich, J{\"u}rg},
     TITLE = {Some Results and Comments on Quantized Gauge Fields},
 BOOKTITLE = {Hooft G. et al. (eds) Recent Developments in Gauge Theories},
    SERIES = {NATO Advanced Study Institutes Series},
    VOLUME = {59},
     PAGES = {53--82},
 PUBLISHER = {Springer},
   ADDRESS = {Boston, MA},
      YEAR = {1980},
}

@article {Levy10,
    AUTHOR = {L{\'ev}y, Thierry},
     TITLE = {Two-dimensional {M}arkovian holonomy fields},
   JOURNAL = {Ast{\'e}risque},
  FJOURNAL = {Ast{\'e}risque},
    NUMBER = {329},
      YEAR = {2010},
     PAGES = {172},
      ISSN = {0303-1179},
      ISBN = {978-2-85629-283-9},
   MRCLASS = {58J65 (53C29 57M15 57R56 58D20 60J60)},
  MRNUMBER = {2667871},
MRREVIEWER = {Ambar N. Sengupta},
}

@article {BFS79,
    AUTHOR = {Brydges, David and Fr\"ohlich, J\"urg and Seiler, Erhard},
     TITLE = {On the construction of quantized gauge fields. {I}. {G}eneral results},
   JOURNAL = {Ann. Physics},
  FJOURNAL = {Annals of Physics},
    VOLUME = {121},
      YEAR = {1979},
    NUMBER = {1-2},
     PAGES = {227--284},
      ISSN = {0003-4916},
   MRCLASS = {81E10},
  MRNUMBER = {548176},
MRREVIEWER = {Thomas Spencer},
       DOI = {10.1016/0003-4916(79)90098-8},
       URL = {https://doi.org/10.1016/0003-4916(79)90098-8},
}

@article {BFS80,
    AUTHOR = {Brydges, David C. and Fr\"ohlich, J\"urg and Seiler, Erhard},
     TITLE = {Construction of quantised gauge fields. {II}. {C}onvergence of the lattice approximation},
   JOURNAL = {Comm. Math. Phys.},
  FJOURNAL = {Communications in Mathematical Physics},
    VOLUME = {71},
      YEAR = {1980},
    NUMBER = {2},
     PAGES = {159--205},
      ISSN = {0010-3616},
   MRCLASS = {81E10 (81E25)},
  MRNUMBER = {560346},
MRREVIEWER = {Thomas Spencer},
       URL = {http://projecteuclid.org/euclid.cmp/1103907454},
}

@article {BFS81,
    AUTHOR = {Brydges, David C. and Fr\"ohlich, J\"urg and Seiler, Erhard},
     TITLE = {On the construction of quantized gauge fields. {III}. {T}he two-dimensional abelian {H}iggs model without cutoffs},
   JOURNAL = {Comm. Math. Phys.},
  FJOURNAL = {Communications in Mathematical Physics},
    VOLUME = {79},
      YEAR = {1981},
    NUMBER = {3},
     PAGES = {353--399},
      ISSN = {0010-3616},
   MRCLASS = {81E10 (81E25)},
  MRNUMBER = {627058},
MRREVIEWER = {Thomas Spencer},
       URL = {http://projecteuclid.org/euclid.cmp/1103909055},
}

@article {BS83,
    AUTHOR = {Borgs, Christian and Seiler, Erhard},
     TITLE = {Lattice {Y}ang-{M}ills theory at nonzero temperature and the
              confinement problem},
   JOURNAL = {Comm. Math. Phys.},
  FJOURNAL = {Communications in Mathematical Physics},
    VOLUME = {91},
      YEAR = {1983},
    NUMBER = {3},
     PAGES = {329--380},
      ISSN = {0010-3616},
   MRCLASS = {81E25 (81G05)},
  MRNUMBER = {723757},
MRREVIEWER = {B. N. Frolov},
       URL = {http://projecteuclid.org/euclid.cmp/1103940613},
}

@article {King86I,
    AUTHOR = {King, C.},
     TITLE = {The {${\rm U}(1)$} {H}iggs model. {I}. {T}he continuum limit},
   JOURNAL = {Comm. Math. Phys.},
  FJOURNAL = {Communications in Mathematical Physics},
    VOLUME = {102},
      YEAR = {1986},
    NUMBER = {4},
     PAGES = {649--677},
      ISSN = {0010-3616},
   MRCLASS = {81E08 (81E15 81E25)},
  MRNUMBER = {824095},
MRREVIEWER = {Alan D. Sokal},
       URL = {http://projecteuclid.org/euclid.cmp/1104114544},
}

@article {King86II,
    AUTHOR = {King, C.},
     TITLE = {The {${\rm U}(1)$} {H}iggs model. {II}. {T}he infinite volume
              limit},
   JOURNAL = {Comm. Math. Phys.},
  FJOURNAL = {Communications in Mathematical Physics},
    VOLUME = {103},
      YEAR = {1986},
    NUMBER = {2},
     PAGES = {323--349},
      ISSN = {0010-3616},
   MRCLASS = {81E08 (81E15 81E25)},
  MRNUMBER = {826868},
MRREVIEWER = {Alan D. Sokal},
       URL = {http://projecteuclid.org/euclid.cmp/1104114710},
}

@article {GKS89,
    AUTHOR = {Gross, Leonard and King, Christopher and Sengupta, Ambar},
     TITLE = {Two-dimensional {Y}ang-{M}ills theory via stochastic
              differential equations},
   JOURNAL = {Ann. Physics},
  FJOURNAL = {Annals of Physics},
    VOLUME = {194},
      YEAR = {1989},
    NUMBER = {1},
     PAGES = {65--112},
      ISSN = {0003-4916},
   MRCLASS = {81E08 (60G15 60H10 81E13 81E40)},
  MRNUMBER = {1015789},
MRREVIEWER = {Bruce K. Driver},
       DOI = {10.1016/0003-4916(89)90032-8},
       URL = {https://doi.org/10.1016/0003-4916(89)90032-8},
}

@incollection {Driver91,
    AUTHOR = {Driver, Bruce K.},
     TITLE = {Two-dimensional {E}uclidean quantized {Y}ang-{M}ills fields},
 BOOKTITLE = {Probability models in mathematical physics ({C}olorado {S}prings, {CO}, 1990)},
     PAGES = {21--36},
 PUBLISHER = {World Sci. Publ., Teaneck, NJ},
      YEAR = {1991},
   MRCLASS = {81T08 (81T13 81T40)},
  MRNUMBER = {1120553},
}

@article {Sengupta97,
    AUTHOR = {Sengupta, Ambar},
     TITLE = {Gauge theory on compact surfaces},
   JOURNAL = {Mem. Amer. Math. Soc.},
  FJOURNAL = {Memoirs of the American Mathematical Society},
    VOLUME = {126},
      YEAR = {1997},
    NUMBER = {600},
     PAGES = {viii+85},
      ISSN = {0065-9266},
   MRCLASS = {58D20 (81S20 81T13)},
  MRNUMBER = {1346931},
MRREVIEWER = {Dana S. Fine},
       DOI = {10.1090/memo/0600},
       URL = {https://doi.org/10.1090/memo/0600},
}

@article {Sengupta94,
    AUTHOR = {Sengupta, Ambar},
     TITLE = {Gauge invariant functions of connections},
   JOURNAL = {Proc. Amer. Math. Soc.},
  FJOURNAL = {Proceedings of the American Mathematical Society},
    VOLUME = {121},
      YEAR = {1994},
    NUMBER = {3},
     PAGES = {897--905},
      ISSN = {0002-9939},
   MRCLASS = {58D20 (53C07 53C80 58D19 81T13)},
  MRNUMBER = {1215205},
MRREVIEWER = {Dana S. Fine},
       DOI = {10.2307/2160291},
       URL = {https://doi.org/10.2307/2160291},
}

@article {Sengupta92,
    AUTHOR = {Sengupta, Ambar},
     TITLE = {The {Y}ang-{M}ills measure for {$S^2$}},
   JOURNAL = {J. Funct. Anal.},
  FJOURNAL = {Journal of Functional Analysis},
    VOLUME = {108},
      YEAR = {1992},
    NUMBER = {2},
     PAGES = {231--273},
      ISSN = {0022-1236},
   MRCLASS = {58D20 (81T08 81T13)},
  MRNUMBER = {1176676},
MRREVIEWER = {Bruce K. Driver},
       DOI = {10.1016/0022-1236(92)90025-E},
       URL = {https://doi.org/10.1016/0022-1236(92)90025-E},
}
http:

@article {Bralic80,
    AUTHOR = {Brali{\'c}, Ninoslav E.},
     TITLE = {Exact computation of loop averages in two-dimensional {Y}ang-{M}ills theory},
   JOURNAL = {Phys. Rev. D (3)},
  FJOURNAL = {Physical Review. D. Particles and Fields. Third Series},
    VOLUME = {22},
      YEAR = {1980},
    NUMBER = {12},
     PAGES = {3090--3103},
      ISSN = {0556-2821},
   MRCLASS = {81E99},
  MRNUMBER = {596941},
       DOI = {10.1103/PhysRevD.22.3090},
       URL = {https://doi.org/10.1103/PhysRevD.22.3090},
}

@article {DM79,
    AUTHOR = {Dosch, H. G. and M{\"u}ller, V. F.},
     TITLE = {Lattice gauge theory in two spacetime dimensions},
   JOURNAL = {Fortschr. Phys.},
  FJOURNAL = {Fortschritte der Physik},
    VOLUME = {27},
      YEAR = {1979},
    NUMBER = {11-12},
     PAGES = {547--559},
      ISSN = {0015-8208},
   MRCLASS = {81E99},
  MRNUMBER = {566633},
       DOI = {10.1002/prop.19790271103},
       URL = {https://doi.org/10.1002/prop.19790271103},
}

@article{Migdal75,
      author         = "Migdal, Alexander A.",
      title          = "{Recursion Equations in Gauge Theories}",
      journal        = "Sov. Phys. JETP",
      volume         = "42",
      year           = "1975",
      pages          = "413",
      reportNumber   = "PRINT-75-1043 (LANDAU-INST)",
      SLACcitation   = "%%CITATION = SPHJA,42,413;%%"
}

@article {Fine91,
    AUTHOR = {Fine, Dana S.},
     TITLE = {Quantum {Y}ang-{M}ills on a {R}iemann surface},
   JOURNAL = {Comm. Math. Phys.},
  FJOURNAL = {Communications in Mathematical Physics},
    VOLUME = {140},
      YEAR = {1991},
    NUMBER = {2},
     PAGES = {321--338},
      ISSN = {0010-3616},
   MRCLASS = {58D30 (58D19 58D20 58Z05 81T13)},
  MRNUMBER = {1124272},
MRREVIEWER = {Jan Segert},
       URL = {http://projecteuclid.org/euclid.cmp/1104247984},
}

@article {Witten91,
    AUTHOR = {Witten, Edward},
     TITLE = {On quantum gauge theories in two dimensions},
   JOURNAL = {Comm. Math. Phys.},
  FJOURNAL = {Communications in Mathematical Physics},
    VOLUME = {141},
      YEAR = {1991},
    NUMBER = {1},
     PAGES = {153--209},
      ISSN = {0010-3616},
   MRCLASS = {58G26 (14D20 32G13 58D27 81T13)},
  MRNUMBER = {1133264},
MRREVIEWER = {Dana S. Fine},
       URL = {http://projecteuclid.org/euclid.cmp/1104248198},
}

@ARTICLE{Nguyen15,
   author = {{Nguyen}, T.},
    title = "{Quantum Yang-Mills Theory in Two Dimensions: Exact versus Perturbative}",
  journal = {ArXiv e-prints},
archivePrefix = "arXiv",
   eprint = {1508.06305},
 primaryClass = "math-ph",
 keywords = {Mathematical Physics, High Energy Physics - Theory, Mathematics - Differential Geometry, Mathematics - Quantum Algebra, 81T13, 81T25, 81T27},
     year = 2015,
    month = aug,
   adsurl = {http://adsabs.harvard.edu/abs/2015arXiv150806305N},
  adsnote = {Provided by the SAO/NASA Astrophysics Data System}
}

@article {Chatterjee20Wilson,
	AUTHOR = {Chatterjee, Sourav},
	TITLE = {Wilson loops in {I}sing lattice gauge theory},
	JOURNAL = {Comm. Math. Phys.},
	FJOURNAL = {Communications in Mathematical Physics},
	VOLUME = {377},
	YEAR = {2020},
	NUMBER = {1},
	PAGES = {307--340},
	ISSN = {0010-3616},
	MRCLASS = {81T25 (81T13)},
	MRNUMBER = {4107931},
	MRREVIEWER = {Svetoslav Zahariev},
	DOI = {10.1007/s00220-020-03738-9},
	URL = {https://doi.org/10.1007/s00220-020-03738-9},
}

@article {Cao20,
	AUTHOR = {Cao, Sky},
	TITLE = {Wilson loop expectations in lattice gauge theories with finite
	gauge groups},
	JOURNAL = {Comm. Math. Phys.},
	FJOURNAL = {Communications in Mathematical Physics},
	VOLUME = {380},
	YEAR = {2020},
	NUMBER = {3},
	PAGES = {1439--1505},
	ISSN = {0010-3616},
	MRCLASS = {81T13 (81T25)},
	MRNUMBER = {4179732},
	DOI = {10.1007/s00220-020-03912-z},
	URL = {https://doi.org/10.1007/s00220-020-03912-z},
}

@article{Nelson66,
	title = {{D}erivation of the {S}chr\"odinger {E}quation from {N}ewtonian {M}echanics},
	author = {Nelson, Edward},
	journal = {Phys. Rev.},
	volume = {150},
	issue = {4},
	pages = {1079--1085},
	numpages = {0},
	year = {1966},
	month = {Oct},
	publisher = {American Physical Society},
	doi = {10.1103/PhysRev.150.1079},
	url = {https://link.aps.org/doi/10.1103/PhysRev.150.1079}
}


@ARTICLE{FLV21,
	author = {{Forsstr{\"o}m}, Malin P. and {Lenells}, Jonatan and {Viklund}, Fredrik},
	title = "{Wilson loops in the abelian lattice Higgs model}",
	journal = {arXiv e-prints},
	keywords = {Mathematics - Probability, Mathematical Physics, 70S15, 81T13, 81T25, 82B20},
	year = 2021,
	month = jul,
	archivePrefix = {arXiv},
	eprint = {2107.03718},
	primaryClass = {math.PR},
	adsurl = {https://ui.adsabs.harvard.edu/abs/2021arXiv210703718F},
	adsnote = {Provided by the SAO/NASA Astrophysics Data System}
}

@ARTICLE{FLV20,
	author = {{Forsstr{\"o}m}, Malin P. and {Lenells}, Jonatan and {Viklund}, Fredrik},
	title = "{Wilson loops in finite Abelian lattice gauge theories}",
	journal = {arXiv e-prints},
	keywords = {Mathematics - Probability, Mathematical Physics, 70S15, 81T13, 81T25, 82B20},
	year = 2020,
	month = jan,
	archivePrefix = {arXiv},
	eprint = {2001.07453},
	primaryClass = {math.PR},
	adsurl = {https://ui.adsabs.harvard.edu/abs/2020arXiv200107453P},
	adsnote = {Provided by the SAO/NASA Astrophysics Data System}
}

@article {Chatterjee21Confine,
	AUTHOR = {Chatterjee, Sourav},
	TITLE = {A {P}robabilistic {M}echanism for {Q}uark {C}onfinement},
	JOURNAL = {Comm. Math. Phys.},
	FJOURNAL = {Communications in Mathematical Physics},
	VOLUME = {385},
	YEAR = {2021},
	NUMBER = {2},
	PAGES = {1007--1039},
	ISSN = {0010-3616},
	MRCLASS = {81T13 (81T25 81V05 82B20)},
	MRNUMBER = {4278289},
	DOI = {10.1007/s00220-021-04086-y},
	URL = {https://doi.org/10.1007/s00220-021-04086-y},
}

@ARTICLE{GS21,
	author = {{Garban}, Christophe and {Sep{\'u}lveda}, Avelio},
	title = "{Improved spin-wave estimate for Wilson loops in $U(1)$ lattice gauge theory}",
	journal = {arXiv e-prints},
	keywords = {Mathematics - Probability, Mathematical Physics},
	year = 2021,
	month = jul,
	archivePrefix = {arXiv},
	eprint = {2107.04021},
	primaryClass = {math.PR},
	adsurl = {https://ui.adsabs.harvard.edu/abs/2021arXiv210704021G},
	adsnote = {Provided by the SAO/NASA Astrophysics Data System}
}


@article {Chevyrev19YM,
    AUTHOR = {Chevyrev, Ilya},
     TITLE = {Yang-{M}ills measure on the two-dimensional torus as a random
              distribution},
   JOURNAL = {Comm. Math. Phys.},
  FJOURNAL = {Communications in Mathematical Physics},
    VOLUME = {372},
      YEAR = {2019},
    NUMBER = {3},
     PAGES = {1027--1058},
      ISSN = {0010-3616},
   MRCLASS = {53C05 (53C29 60H30)},
  MRNUMBER = {4034782},
       DOI = {10.1007/s00220-019-03567-5},
       URL = {https://doi-org.ezproxy.library.wisc.edu/10.1007/s00220-019-03567-5},
}


@article {Bourgain94,
    AUTHOR = {Bourgain, J.},
     TITLE = {Periodic nonlinear {S}chr\"{o}dinger equation and invariant measures},
   JOURNAL = {Comm. Math. Phys.},
  FJOURNAL = {Communications in Mathematical Physics},
    VOLUME = {166},
      YEAR = {1994},
    NUMBER = {1},
     PAGES = {1--26},
      ISSN = {0010-3616},
   MRCLASS = {35Q55 (35B10 35Q53)},
  MRNUMBER = {1309539},
MRREVIEWER = {Elaine Machtyngier},
       URL = {http://projecteuclid.org/euclid.cmp/1104271501},
}

@article {AB83,
    AUTHOR = {Atiyah, M. F. and Bott, R.},
     TITLE = {The {Y}ang-{M}ills equations over {R}iemann surfaces},
   JOURNAL = {Philos. Trans. Roy. Soc. London Ser. A},
  FJOURNAL = {Philosophical Transactions of the Royal Society of London. Series A. Mathematical and Physical Sciences},
    VOLUME = {308},
      YEAR = {1983},
    NUMBER = {1505},
     PAGES = {523--615},
      ISSN = {0080-4614},
   MRCLASS = {14F05 (14D22 32G13 32L05 53C05 58E05 58E20 81E13)},
  MRNUMBER = {702806},
MRREVIEWER = {Martin A. Guest},
       DOI = {10.1098/rsta.1983.0017},
       URL = {https://doi.org/10.1098/rsta.1983.0017},
}

@incollection {LevySengupta17,
    AUTHOR = {L\'{e}vy, Thierry and Sengupta, Ambar},
     TITLE = {Four chapters on low-dimensional gauge theories},
 BOOKTITLE = {Stochastic geometric mechanics},
    SERIES = {Springer Proc. Math. Stat.},
    VOLUME = {202},
     PAGES = {115--167},
 PUBLISHER = {Springer, Cham},
      YEAR = {2017},
   MRCLASS = {53C05 (58Z05)},
  MRNUMBER = {3747647},
       DOI = {10.1007/978-3-319-63453-1\_7},
       URL = {https://doi.org/10.1007/978-3-319-63453-1_7},
}

@incollection {Chatterjee18,
    AUTHOR = {Chatterjee, Sourav},
     TITLE = {Yang-{M}ills for probabilists},
 BOOKTITLE = {Probability and analysis in interacting physical systems},
    SERIES = {Springer Proc. Math. Stat.},
    VOLUME = {283},
     PAGES = {1--16},
 PUBLISHER = {Springer, Cham},
      YEAR = {2019},
   MRCLASS = {81T13 (70S15 81T25)},
  MRNUMBER = {3968506},
}

@incollection {JW06,
    AUTHOR = {Jaffe, Arthur and Witten, Edward},
     TITLE = {Quantum {Y}ang-{M}ills theory},
 BOOKTITLE = {The millennium prize problems},
     PAGES = {129--152},
 PUBLISHER = {Clay Math. Inst., Cambridge, MA},
      YEAR = {2006},
   MRCLASS = {81T13},
  MRNUMBER = {2238278},
}

@ARTICLE{HS21,
	author = {{Hairer}, Martin and {Steele}, Rhys},
	title = "{The $\Phi_3^4$ measure has sub-Gaussian tails}",
	journal = {arXiv e-prints},
	keywords = {Mathematics - Probability, Mathematical Physics},
	year = 2021,
	month = feb,
	archivePrefix = {arXiv},
	eprint = {2102.11685},
	primaryClass = {math.PR},
	adsurl = {https://ui.adsabs.harvard.edu/abs/2021arXiv210211685H},
	adsnote = {Provided by the SAO/NASA Astrophysics Data System}
}

@article {MoinatWeber20,
AUTHOR = {Moinat, Augustin and Weber, Hendrik},
TITLE = {Space-time localisation for the dynamic {$\Phi^4_3$} model},
JOURNAL = {Comm. Pure Appl. Math.},
FJOURNAL = {Communications on Pure and Applied Mathematics},
VOLUME = {73},
YEAR = {2020},
NUMBER = {12},
PAGES = {2519--2555},
ISSN = {0010-3640},
MRCLASS = {60H17 (35L71 35R60 60H50 60L30 81Q80)},
MRNUMBER = {4164267},
DOI = {10.1002/cpa.21925},
URL = {https://doi.org/10.1002/cpa.21925},
}

@ARTICLE{GH18Phi43,
       author = {{Gubinelli}, Massimiliano and {Hofmanova}, Martina},
        title = "{A PDE construction of the Euclidean $\Phi^4_3$ quantum field theory}",
      journal = {ArXiv e-prints},
     keywords = {Mathematical Physics, Mathematics - Analysis of PDEs},
         year = "2018",
        month = "Oct",
archivePrefix = {arXiv},
       eprint = {1810.01700},
 primaryClass = {math-ph},
       adsurl = {https://ui.adsabs.harvard.edu/abs/2018arXiv181001700G},
      adsnote = {Provided by the SAO/NASA Astrophysics Data System}
}

@article {BG20,
	AUTHOR = {Barashkov, N. and Gubinelli, M.},
	TITLE = {A variational method for {$\Phi^4_3$}},
	JOURNAL = {Duke Math. J.},
	FJOURNAL = {Duke Mathematical Journal},
	VOLUME = {169},
	YEAR = {2020},
	NUMBER = {17},
	PAGES = {3339--3415},
	ISSN = {0012-7094},
	MRCLASS = {81T08 (60B10 60L40 93E20)},
	MRNUMBER = {4173157},
	MRREVIEWER = {Jiang Lun Wu},
	DOI = {10.1215/00127094-2020-0029},
	URL = {https://doi.org/10.1215/00127094-2020-0029},
}

@article{BG21,
	author = {Nikolay Barashkov and Massimiliano Gubinelli},
	title = {{The ${\Phi _{3}^{4}}$ measure via Girsanov’s theorem}},
	volume = {26},
	journal = {Electronic Journal of Probability},
	number = {none},
	publisher = {Institute of Mathematical Statistics and Bernoulli Society},
	pages = {1 -- 29},
	keywords = {Bou é-Dupuis formula, Contructive Euclidean Quantum Field Theory, Paracontrolled calculus},
	year = {2021},
	doi = {10.1214/21-EJP635},
	URL = {https://doi.org/10.1214/21-EJP635}
}

@article {GH21,
	AUTHOR = {Gubinelli, Massimiliano and Hofmanov\'{a}, Martina},
	TITLE = {A {PDE} construction of the {E}uclidean {$\phi_3^4$} quantum
	field theory},
	JOURNAL = {Comm. Math. Phys.},
	FJOURNAL = {Communications in Mathematical Physics},
	VOLUME = {384},
	YEAR = {2021},
	NUMBER = {1},
	PAGES = {1--75},
	ISSN = {0010-3616},
	MRCLASS = {81S20 (35Q40 37D35 37E20 81T08)},
	MRNUMBER = {4252872},
	DOI = {10.1007/s00220-021-04022-0},
	URL = {https://doi.org/10.1007/s00220-021-04022-0},
}

@article {GH19,
	AUTHOR = {Gubinelli, Massimiliano and Hofmanov\'{a}, Martina},
	TITLE = {Global solutions to elliptic and parabolic {$\Phi^4$} models
	in {E}uclidean space},
	JOURNAL = {Comm. Math. Phys.},
	FJOURNAL = {Communications in Mathematical Physics},
	VOLUME = {368},
	YEAR = {2019},
	NUMBER = {3},
	PAGES = {1201--1266},
	ISSN = {0010-3616},
	MRCLASS = {35Q40 (35J91 35K91 35R60 60H15 60H99 81T17 82C31)},
	MRNUMBER = {3951704},
	MRREVIEWER = {Peter Bernard Weichman},
	DOI = {10.1007/s00220-019-03398-4},
	URL = {https://doi.org/10.1007/s00220-019-03398-4},
}

@article {AK20,
AUTHOR = {Albeverio, Sergio and Kusuoka, Seiichiro},
TITLE = {The invariant measure and the flow associated to the
{$\Phi^4_3$}-quantum field model},
JOURNAL = {Ann. Sc. Norm. Super. Pisa Cl. Sci. (5)},
FJOURNAL = {Annali della Scuola Normale Superiore di Pisa. Classe di
Scienze. Serie V},
VOLUME = {20},
YEAR = {2020},
NUMBER = {4},
PAGES = {1359--1427},
ISSN = {0391-173X},
MRCLASS = {81S20 (35Q40 37H10 60H15 60L50 81T08)},
MRNUMBER = {4201185},
}

@ARTICLE{HS19,
       author = {{Hairer}, Martin and {Sch{\"o}nbauer}, Philipp},
        title = "{The support of singular stochastic PDEs}",
      journal = {ArXiv e-prints},
     keywords = {Mathematics - Probability, Mathematics - Analysis of PDEs, 60H15},
         year = "2019",
        month = "Sep",
          eid = {arXiv:1909.05526},
archivePrefix = {arXiv},
       eprint = {1909.05526},
 primaryClass = {math.PR},
       adsurl = {https://ui.adsabs.harvard.edu/abs/2019arXiv190905526H},
      adsnote = {Provided by the SAO/NASA Astrophysics Data System}
}

@article {Lyons94,
    AUTHOR = {Lyons, Terry},
     TITLE = {Differential equations driven by rough signals. {I}. {A}n
              extension of an inequality of {L}. {C}. {Y}oung},
   JOURNAL = {Math. Res. Lett.},
  FJOURNAL = {Mathematical Research Letters},
    VOLUME = {1},
      YEAR = {1994},
    NUMBER = {4},
     PAGES = {451--464},
      ISSN = {1073-2780},
   MRCLASS = {60H10},
  MRNUMBER = {1302388},
MRREVIEWER = {Eckhard Platen},
       DOI = {10.4310/MRL.1994.v1.n4.a5},
       URL = {https://doi.org/10.4310/MRL.1994.v1.n4.a5},
}
@book{AbrahamMarsden78,
  title={Foundations of Mechanics},
  author={Ralph Abraham and Jerold E. Marsden},
  series={AMS Chelsea publishing},
  edition={ $2^{\text{nd}}$			 },
  year={1978},
  publisher={AMS Chelsea Publishing},
  address = {Providence, Rhode Island}
}

@article{GNH78,
author = {Mark J. Gotay, James M. Nester and George Hinds},
title = {Presymplectic Manifolds and the Dirac–Bergmann Theory of Constraints},
journal = {Journal of Mathematical Physics},
volume = {19},
number = {11},
pages = {2388-2399},
year = {1978}
}


@ARTICLE{GIM98,
   author = {{Gotay}, M.~J. and {Isenberg}, J. and {Marsden}, J.~E. and {Montgomery}, R.
	},
    title = "{Momentum Maps and Classical Relativistic Fields. Part I: Covariant Field Theory}",
  journal = {ArXiv Physics e-prints},
   eprint = {physics/9801019},
 keywords = {Mathematical Physics, General Relativity and Quantum Cosmology, High Energy Physics - Theory},
     year = 1998,
    month = jan,
   adsurl = {http://adsabs.harvard.edu/abs/1998physics...1019G},
  adsnote = {Provided by the SAO/NASA Astrophysics Data System}
}


@ARTICLE{GIM04,
   author = {{Gotay}, M.~J. and {Isenberg}, J. and {Marsden}, J.~E.},
    title = "{Momentum Maps and Classical Relativistic Fields. Part II: Canonical Analysis of Field Theories}",
  journal = {ArXiv Mathematical Physics e-prints},
   eprint = {math-ph/0411032},
 keywords = {Mathematical Physics, Mathematics - Mathematical Physics},
     year = 2004,
    month = nov,
   adsurl = {http://adsabs.harvard.edu/abs/2004math.ph..11032G},
  adsnote = {Provided by the SAO/NASA Astrophysics Data System}
}




@book{KrieglMichor97,
	author 		= "Kriegl, Andreas and Michor, Peter",
	title 		= "The Convenient Setting of Global Analysis",
	series 		= "Mathematical Surveys and Monographs",
	volume 		= "53",
	year 		= "1997",
	publisher	={AMS Chelsea Publishing},
  	address 	= {Providence, Rhode Island}
}



@book{Par05,
	author = {Parthasarathy, K.R.},
	year = {2005},
	month = {},
	pages = {},
	title = {Introduction to Probability and Measure},
	doi = {10.1007/978-1-349-03365-2}
}

@book{Els18,
	author = {Elstrodt, J\"urgen},
	edition={ $8^{\text{th}}$			 },
	year = {2018},
	month = {},
	pages = {},
	title = {Ma{\ss}- und Integrationstheorie},
	doi = {10.1007/978-3-662-57939-8},
	publisher = {Springer Spektrum}
	
}

@book{SmRd80,
  title={Methods of Modern Mathematical Physics: Functional Analysis},
  author={Reed, M. and Simon, B.},
  isbn={9780125850506},
  lccn={75182650},
  series={Methods of Modern Mathematical Physics},
  url={https://books.google.bg/books?id=hInvAAAAMAAJ},
  year={1980},
  publisher={Academic Press}
}

@book{Zb71,
  title={Banach spaces of continuous functions},
  author={Semadeni, Z.},
  number={sv. 1},
  lccn={lc72176494},
  series={Monografie matematyczne},
  url={https://books.google.cz/books?id=qX9sAAAAMAAJ},
  year={1971},
  publisher={PWN Polish Scientific Publishers}
}

@book{Evans10,
  address = {Providence, R.I.},
  author = {Evans, Lawrence C.},
  biburl = {https://www.bibsonomy.org/bibtex/2f5b120723ea78913e7e700ddd1a99301/ytyoun},
  isbn = {9780821849743 0821849743},
  publisher = {American Mathematical Society},
  title = {Partial differential equations},
  year = 2010
}

@book{Ryan02,
  title={Introduction to Tensor Products of Banach Spaces},
  author={Ryan, R.A.},
  isbn={9781852334376},
  series={Springer Monographs in Mathematics},
  url={https://books.google.de/books?id=7xRlVTVSNpQC},
  year={2002},
  publisher={Springer London}
}


@article{GlJaf69,
author = {Glimm,James  and Jaffe,Arthur },
title = {Infinite Renormalization of the Hamiltonian Is Necessary},
journal = {Journal of Mathematical Physics},
volume = {10},
number = {12},
pages = {2213-2214},
year = {1969},
doi = {10.1063/1.1664825},
URL = {https://doi.org/10.1063/1.1664825},
eprint = {https://doi.org/10.1063/1.1664825}
}

@book{GlJaf87,
  title={Quantum Physics: A Functional Integral Point of View},
  author={Glimm, J. and Jaffe, A.},
  isbn={9780387964775},
  lccn={lc86031418},
  url={https://books.google.com/books?id=HxGfqiT8\_eAC},
  year={1987},
  publisher={Springer-Verlag}
}


@article{GlJaf69,
author = {Glimm,James  and Jaffe,Arthur },
title = {Infinite Renormalization of the Hamiltonian Is Necessary},
journal = {Journal of Mathematical Physics},
volume = {10},
number = {12},
pages = {2213-2214},
year = {1969},
doi = {10.1063/1.1664825},
URL = {https://doi.org/10.1063/1.1664825},
eprint = {https://doi.org/10.1063/1.1664825}
}

@article{Shrk11,
	author = "Shirokov, Dmitry",
    archivePrefix = "arXiv",
    eprint = "1108.5447",
    month = "8",
    primaryClass = "math-ph",
    title = "{Concepts of trace, determinant and inverse of Clifford algebra elements}",
    year = "2011"
}
}

@book{Meinrenken13,
  title={Clifford Algebras and Lie Theory},
  author={Eckhard Meinrenken},
  series={Ergebnisse der Mathematik und ihrer Grenzgebiete. 3. Folge / A Series of Modern Surveys in Mathematics},
  volume = {58},
  edition={ $1^{\text{st}}$},
  year={2013},
  publisher={Springer-Verlag Berlin Heidelberg}
}

@misc{Gub20,
    title={Grassmannian Stochastic Analysis and the Stochastic Quantization of {E}uclidean Fermions},
    author={Sergio Albeverio and Luigi Borasi and Francesco C. De Vecchi and Massimiliano Gubinelli},
    year={2020},
    eprint={2004.09637},
    archivePrefix={arXiv},
    primaryClass={math.PR}
}

@book{Ham17,
author = {Hamilton, Mark},
year = {2017},
month = {01},
pages = {},
title = {Mathematical Gauge Theory: With Applications to the Standard Model of Particle Physics},
isbn = {978-3-319-68438-3},
doi = {10.1007/978-3-319-68439-0},
publisher = {Springer International Publishing}
}





@article{Weyl04,
author = {Binz,Ernst  and Honegger,Reinhard  and Rieckers,Alfred },
title = {Construction and Uniqueness of the C*-Weyl Algebra over a General Pre-Symplectic Space},
journal = {Journal of Mathematical Physics},
volume = {45},
number = {7},
pages = {2885-2907},
year = {2004},
doi = {10.1063/1.1757036},

URL = { 
        https://doi.org/10.1063/1.1757036
    
},
eprint = { 
        https://doi.org/10.1063/1.1757036
    
}

}


@article{Manu68,
author = {Manuceau,J.  and Verbeure,A.},
title = {Quasi-free states of the C.C.R.—Algebra and Bogoliubov Transformations},
journal = {Communications in Mathematical Physics},
volume = {9},
number = {4},
pages = {293-302},
year = {1968},
doi = {10.1007/BF01654283},

URL = { 
        https://doi.org/10.1007/BF01654283
    
},
eprint = { 
        https://doi.org/10.1063/1.1757036
    
}

}

@book{Ne18,
	doi = {10.1007/978-3-319-94755-6},
	url = {https://doi.org/10.1007%2F978-3-319-94755-6},
	year = {2018},
	publisher = {Springer International Publishing},
	author = {Karl-Hermann Neeb and Gestur {\'{O}}lafsson},
	title = {Reflection Positivity}
}

@article{Hai14,
	author={Hairer, M.},
	title={A Theory of Regularity Structures},
	journal={Inventiones mathematicae},
	year={2014},
	month={Nov},
	day={01},
	volume={198},
	number={2},
	pages={269-504},
	issn={1432-1297},
	doi={10.1007/s00222-014-0505-4},
	url={https://doi.org/10.1007/s00222-014-0505-4}
}



@book{Sch99,
  title={Topological Vector Spaces},
  author={Schaefer, H.H.},
  isbn={9780387987262},
  lccn={98053842},
  series={Graduate Texts in Mathematics},
  year={1999},
  publisher={Springer New York}
}

@book{Sch99,
  title={Topological Vector Spaces},
  author={Schaefer, H.H.},
  isbn={9780387987262},
  lccn={98053842},
  series={Graduate Texts in Mathematics},
  year={1999},
  publisher={Springer New York}
}

@book{Trev67,
  title={Topological Vector Spaces, Distributions and Kernels},
  author={Treves, F.},
  isbn={9780486453521},
  lccn={66030175},
  series={Dover books on mathematics},
  edition={1},
  year={1967},
  publisher={Dover Publications}
}

@book{Mey93, 
	place={Cambridge}, 
	series={Cambridge Studies in Advanced Mathematics}, 
	title={Wavelets and Operators}, 
	volume={1}, 
	DOI={10.1017/CBO9780511623820}, 
	publisher={Cambridge University Press}, 
	author={Meyer, Yves}, 
	editor={Salinger, D. H.Translator}, 
	year={1993}, 
	collection={Cambridge Studies in Advanced Mathematics}
}


@book{Hai20, 
	place={Cambridge}, 
	series={Universitext}, 
	title={A Course on Rough Paths}, 
	DOI={10.1007/9783030415563}, 
	publisher={Springer, Cham}, 
	author={Friz, Peter K. and Martin Hairer}, 
	edition = {2},
	year={2014}, 
	isbn={9783030415563}
}

@article{Schm18,
	author = {Schmüdgen, Konrad},
	title = {{On the infinite-dimensional moment problem}},	
	volume = {56},
	journal = {Arkiv för Matematik},
	number = {2},
	publisher = {Institut Mittag-Leffler},
	pages = {441 -- 459},
	keywords = {Carleman condition, cylinder measure, Moment problem, 	nuclear space, symmetric algebra},
	year = {2018},
	doi = {10.4310/ARKIV.2018.v56.n2.a14},
	URL = {https://doi.org/10.4310/ARKIV.2018.v56.n2.a14}
}

@article{OSFrm72,
  title = {Feynman-{K}ac Formula for {E}uclidean Fermi and {B}ose {F}ields},
  author = {Osterwalder, Konrad and Schrader, Robert},
  journal = {Phys. Rev. Lett.},
  volume = {29},
  issue = {20},
  pages = {1423--1425},
  numpages = {0},
  year = {1972},
  month = {Nov},
  publisher = {American Physical Society},
  doi = {10.1103/PhysRevLett.29.1423},
  url = {https://link.aps.org/doi/10.1103/PhysRevLett.29.1423}
}

@article{OS73,
author={Osterwalder, Konrad and Schrader, Robert},
title={Euclidean Fermi fields and a Feynman-Kac formula for Boson-Fermion models},
journal={Helvetica Physica Acta},
year={1973},
publisher={Birkh{\"a}user},
volume={46},
number={3},
pages={277},
issn={0018-0238},
doi={10.5169/seals-114484},
url={https://doi.org/10.5169/seals-114484}
}


@ARTICLE{Schrader72,
       author = {{Schrader}, Robert},
        title = "{Yukawa quantum field theory in two space-time dimensions without cutoffs}",
      journal = {Annals of Physics},
         year = 1972,
        month = apr,
       volume = {70},
       number = {2},
        pages = {412-457},
          doi = {10.1016/0003-4916(72)90274-6},
       adsurl = {https://ui.adsabs.harvard.edu/abs/1972AnPhy..70..412S},
      adsnote = {Provided by the SAO/NASA Astrophysics Data System}
}

@ARTICLE{GJ70,
       author = {{Glimm}, James and {Jaffe}, Arthur},
        title = "{Self-adjointness of the Yukawa$_{2}$ Hamiltonian}",
      journal = {Annals of Physics},
         year = 1970,
        month = oct,
       volume = {60},
       number = {2},
        pages = {321-383},
          doi = {10.1016/0003-4916(70)90495-1},
       adsurl = {https://ui.adsabs.harvard.edu/abs/1970AnPhy..60..321G},
      adsnote = {Provided by the SAO/NASA Astrophysics Data System}
}

@article{GJ71,
    author = "Glimm, James and Jaffe, Arthur",
    title = "{The {Y}ukawa$_2$ quantum field theory without cutoffs}",
    doi = "10.1016/0022-1236(71)90039-5",
    journal = "J. Funct. Anal.",
    volume = "7",
    number = "2",
    pages = "323--357",
    year = "1971"
}

@article{Seiler74,
    author = "Seiler, Erhard",
    title = "{Schwinger Functions for the Yukawa Model in Two-Dimensions with Space-Time Cutoff}",
    reportNumber = "Print-74-1100 (IAS,PRINCETON)",
    doi = "10.1007/BF01614159",
    journal = "Commun. Math. Phys.",
    volume = "42",
    pages = "163",
    year = "1975"
}

@article{SeilerSimon75,
    author = "Seiler, Erhard and Simon, Barry",
    title = "{Bounds in the {Y}ukawa in {T}wo-{D}imensions {Q}uantum {F}ield {T}heory: {U}pper {B}ound on the {P}ressure, {H}amiltonian {B}ound and {L}inear {L}ower {B}ound}",
    reportNumber = "Print-75-0650 (IAS,PRINCETON)",
    doi = "10.1007/BF01629241",
    journal = "Commun. Math. Phys.",
    volume = "45",
    pages = "99",
    year = "1975"
}

@article{CooperRosen1977,
  title={The weakly coupled {Y}ukawa$_2$ field theory: cluster expansion and {W}ightman axioms},
  author={Alan Cooper and Lon M Rosen},
  journal={Transactions of the American Mathematical Society},
  year={1977},
  volume={234},
  pages={1-88}
}

@book{Hor83, 
	series={Classics in Mathematics}, 	
	volume={256} ,
	title={The Analysis of Linear Partial Differential Operators II}, 
	publisher={Springer-Verlag Berlin Heidelberg}, 
	author={Lars Hörmander}, 
	edition = {1},
	year={1983}, 
	isbn={9783540225164}
}

@book{Hor90, 
	series={Classics in Mathematics},
	volume={256},
	title={The Analysis of Linear Partial Differential Operators I}, 
	publisher={Springer-Verlag Berlin Heidelberg}, 
	author={Lars Hörmander}, 
	edition = {2},
	year={1990}
	, 
	isbn={9783642614972}
}

@article{Gub21,
author={Gubinelli, Massimiliano
and Hofmanov{\'a}, Martina},
title={A PDE Construction of the Euclidean $\Phi ^4_3$ Quantum Field Theory},
journal={Communications in Mathematical Physics},
year={2021},
month={May},
day={01},
volume={384},
number={1},
pages={1-75},
issn={1432-0916},
doi={10.1007/s00220-021-04022-0},
url={https://doi.org/10.1007/s00220-021-04022-0}
}

@misc{Hai15,
      title={Regularity structures and the dynamical $\Phi^4_3$ model}, 
      author={Martin Hairer},
      year={2015},
      eprint={1508.05261},
      archivePrefix={arXiv},
      primaryClass={math.PR}
}

@misc{Chandra20,
      title={Langevin dynamic for the 2D Yang-Mills measure}, 
      author={Ajay Chandra and Ilya Chevyrev and Martin Hairer and Hao Shen},
      year={2020},
      eprint={2006.04987},
      archivePrefix={arXiv},
      primaryClass={math.PR}
}


@book{Masj09,
title="Path Integral Quantization and Stochastic Quantization",
year="2009",
publisher="Springer Berlin Heidelberg",
address="Berlin, Heidelberg",
isbn="978-3-540-87851-3",
doi="10.1007/978-3-540-87851-3_5",
url="https://doi.org/10.1007/978-3-540-87851-3_5"
}

@article{Shch93,
author={Shcherbakov, V. V.},
title={Elements of stochastic analysis for the case of Grassmann variables. I. Grassmann stochastic integrals and random processes},
journal={Theoretical and Mathematical Physics},
year={1993},
month={Jul},
day={01},
volume={96},
number={1},
pages={792-800},
issn={1573-9333},
doi={10.1007/BF01074107},
url={https://doi.org/10.1007/BF01074107}
}

@article{Rog87,
author = {Alice Rogers},
title = {{Fermionic path integration and Grassmann Brownian motion}},
volume = {113},
journal = {Communications in Mathematical Physics},
number = {3},
publisher = {Springer},
pages = {353 -- 368},
year = {1987},
doi = {cmp/1104160283},
URL = {https://doi.org/}
}



@article{DV75,
author = {Michel Dubois-Violette},
title = {{A generalization of the classical moment problem on $^*$-algebras with applications to relativistic quantum theory. I}},
volume = {43},
journal = {Communications in Mathematical Physics},
number = {3},
publisher = {Springer},
pages = {225 -- 254},
year = {1975},
doi = {cmp/1103899183},
URL = {https://doi.org/}
}

@article{DV77,
author = {Michel Dubois-Violette},
title = {{A generalization of the classical moment problem on $^*$-algebras with applications to relativistic quantum theory. II}},
volume = {54},
journal = {Communications in Mathematical Physics},
number = {2},
publisher = {Springer},
pages = {151 -- 172},
year = {1977},
doi = {cmp/1103900815},
URL = {https://doi.org/}
}


@article{Der06,
   title={Introduction to Representations of the Canonical Commutation and Anticommutation Relations},
   url={http://dx.doi.org/10.1007/3-540-32579-4_3},
   DOI={10.1007/3-540-32579-4_3},
   journal={Lecture Notes in Physics},
   publisher={Springer Berlin Heidelberg},
   author={Dereziński, J.},
   pages={63–143},
   volume = {695},
   year = {2006},
}


@book{Hyt16,
	author = {Hytönen, Tuomas and van Neerven, Jan and Veraar, Mark and Weis, Lutz},
booktitle = {Analysis in Banach Spaces  Volume I: Martingales and Littlewood-Paley Theory},
edition = {1st ed. 2016.},
isbn = {9783319485201},
keywords = {Fourier analysis},
language = {eng},
publisher = {Springer International Publishing},
series = {Ergebnisse der Mathematik und ihrer Grenzgebiete. 3. Folge / A Series of Modern Surveys in Mathematics, 63},
title = {Analysis in Banach Spaces  Volume I: Martingales and Littlewood-Paley Theory },
year = {2016},
}


@book{BR13,
  title={Operator Algebras and Quantum Statistical Mechanics Vol. 2: Equilibrium States. Models in Quantum Statistical Mechanics},
  author={Bratteli, O. and Robinson, D.W.},
  isbn={9783662034446},
  series={Theoretical and Mathematical Physics},
  year={2013},
  publisher={Springer Berlin Heidelberg}
}



@book {BR87,
    AUTHOR = {Bratteli, Ola and Robinson, Derek W.},
     TITLE = {Operator Algebras and Quantum Statistical Mechanics Vol. 1},
    SERIES = {Texts and Monographs in Physics},
   EDITION = {Second},
      NOTE = {$C^\ast$- and $W^\ast$-algebras, symmetry groups,
              decomposition of states},
 PUBLISHER = {Springer-Verlag, New York},
      YEAR = {1987},
     PAGES = {xiv+505},
      ISBN = {0-387-17093-6},
   MRCLASS = {46Lxx (81-02 82-02)},
  MRNUMBER = {887100},
       DOI = {10.1007/978-3-662-02520-8},
       URL = {https://doi.org/10.1007/978-3-662-02520-8},
}
	
	
@book{LesH71,
author = {DeWitt-Morette, C\'ecile and Stora, Raymond},
address = {New York},
booktitle = {Statistical mechanics and quantum field theory},
isbn = {0677133308},
keywords = {Statistical mechanics},
language = {eng},
lccn = {72153297},
organization = {Ecole d'été de physique théorique (Les Houches, Haute-Savoie, France) (20th : 1970)},
publisher = {Gordon and Breach},
title = {Statistical mechanics and quantum field theory },
year = {1971},
}


@book{Sv97,
	author = {Janson, Svante},
	address = {Cambridge},
	booktitle = {Gaussian Hilbert spaces},
	isbn = {9780511526169},
	keywords = {Gaussian distribution},
	language = {eng},
	publisher = {Cambridge University Press},
	series = {Cambridge tracts in mathematics ; 129},
	title = {Gaussian Hilbert Spaces},
	year = {1997},
}

@book {FKT02,
    AUTHOR = {Feldman, Joel and Kn\"{o}rrer, Horst and Trubowitz, Eugene},
     TITLE = {Fermionic functional integrals and the renormalization group},
    SERIES = {CRM Monograph Series},
    VOLUME = {16},
 PUBLISHER = {American Mathematical Society, Providence, RI},
      YEAR = {2002},
     PAGES = {viii+115},
      ISBN = {0-8218-2878-9},
   MRCLASS = {81T17 (81-02 81T08 81T15 82B28)},
  MRNUMBER = {1905424},
MRREVIEWER = {Guido Gentile},
       DOI = {10.1090/crmm/016},
       URL = {https://doi.org/10.1090/crmm/016},
}


@book{Lee12,
address = {New York, NY},
author = {Lee, John.},
edition = {$2^{\text{nd}}$},
isbn = {1-4419-9982-5},
keywords = {Differential geometry},
language = {eng},
publisher = {Springer New York},
series = {Graduate Texts in Mathematics, 218},
title = {Introduction to Smooth Manifolds},
year = {2012},
}

@book{GH78,
year = {1978 - 1994},
author = {Griffiths, Phillip},
address = {New York ;},
booktitle = {Principles of Algebraic Geometry},
isbn = {0471050598},
keywords = {Geometry, Algebraic},
language = {eng},
publisher = {Wiley},
series = {Wiley classics library},
title = {Principles of algebraic geometry },
}







